2900 4584
503 362 510 372 .
606 273 701 368 ἄρα.

138 451 228 528 duem
253 445 433 511 admodum
452 450 486 508 iu
506 445 734 524 interrogatione
754 452 783 506 et
804 447 1013 511 exclamatione
1034 447 1091 512 boc
1110 450 1174 512 lere

138 536 207 594 fieri
223 533 312 592 solet.
354 530 415 592 Sed
436 534 496 592 iam
516 533 631 608 ringella
652 531 810 593 videamus.

147 671 149 679 .
225 614 273 676 Ac
291 617 416 690 primum
431 615 548 690 qnidam
563 607 640 696 ἆρα,
659 614 737 690 qnod
752 620 797 675 est
808 620 909 674 namra
920 633 973 674 ma
983 616 1057 675 illud
1069 618 1172 678 fortius

140 704 241 776 ipitnc,
270 709 439 772 usurpatum
467 706 512 758 est
537 701 569 756 in
588 699 713 772 simplici
734 698 981 772 interrogatione,
1007 700 1056 757 ulai
1075 702 1175 776 eliqua

138 802 189 856 re,
219 801 295 855 quae
324 782 528 856 praecesserit,
556 782 626 838 moti
657 779 713 838 hoc
738 781 825 839 modo
853 782 949 854 ipsam
974 783 1174 858 interrogatio·

136 883 206 922 nem
233 871 374 922 nostram.
388 863 568 924 stabilimus:
600 883 776 940 quamquam
805 866 837 921 in
860 859 982 924 buirrsee
1006 865 1084 924 modi
1105 867 1176 926 locis

137 944 245 1006 Graeci
270 948 330 1021 ipsi
353 967 413 1026 non
436 947 500 1006 leue
520 946 557 1006 de
578 949 674 1020 prima'
698 948 778 1004 vocis
803 946 1019 1020 significatione
1038 947 1177 1010 ridentur

135 1032 324 1106 cogitavisse,
346 1030 397 1090 sed
416 1030 585 1105 particulam
606 1030 689 1103 quasi
708 1031 741 1088 ri
759 1050 810 1089 sua
831 1031 1070 1107 interrogativum
1091 1051 1176 1094 usar·

85 1126 87 1133 '
135 1115 254 1191 paisant,
276 1115 368 1176 veluti
392 1115 423 1172 in
446 1114 593 1188 principio
613 1113 774 1187 Antipoooe
795 1110 950 1188 Sophoclis
970 1112 1090 1175 dicitnrc

293 1231 331 1328 ’gl
347 1238 450 1310 κοινόν,
469 1238 645 1330 αὐτάδελφον
661 1236 788 1313 Ἰσμήνης
807 1237 887 1312 κάρα,

300 1309 346 1384 ep?
367 1306 436 1364 οἶσθ’
457 1307 482 1376 ὅ,
502 1331 527 1364 τι
544 1317 616 1371 Ζευς
635 1314 690 1364 τῶν
709 1307 760 1363 ἀπ’
783 1310 902 1365 omnmo
919 1313 1020 1380 κακῶν,
1070 1335 1074 1340 ·
1166 1325 1169 1333 “

301 1375 400 1434 ὁποῖον
417 1377 555 1450 eripiaris
570 1380 609 1434 ἔτι
626 1373 728 1442 ζώσαιν
746 1379 833 1443 selah

73 1541 75 1544 -
135 1495 167 1562 in
188 1502 292 1576 quibus
310 1502 408 1562 verbis
423 1503 479 1562 etsi
494 1489 560 1586 ἆρα
572 1506 690 1577 proprie
708 1498 746 1557 sd
760 1506 944 1575 praesentem
958 1521 1056 1560 rerum
1071 1509 1175 1564 statum

135 1588 279 1660 respicere
299 1603 354 1645 uos
375 1585 464 1660 iubet,
485 1587 518 1643 in
537 1605 596 1658 quo
611 1603 742 1645 caussam
757 1583 906 1644 videamur
919 1587 1064 1662 iuvenire,
1086 1609 1175 1662 quam

83 1697 86 1702 ·
136 1672 173 1730 ob
193 1689 256 1728 rem
275 1671 318 1727 ita
335 1670 558 1746 interrogemus,
580 1676 613 1726 ut
629 1669 667 1726 sit
682 1669 814 1742 proprie:
837 1668 931 1736 Rebas
947 1672 989 1727 ito
1003 1675 1175 1746 conspecu-tis

133 1751 231 1812 nosti?
253 1758 351 1810 tamen
368 1750 446 1821 illud
466 1740 533 1834 ἆρα
553 1750 721 1824 quotidiano
742 1769 799 1809 usu
818 1745 932 1808 uidetur
947 1753 1040 1824 ipsam
1053 1756 1115 1812 vim
1129 1755 1175 1811 in·
1275 1769 1278 1774 ·

135 1836 342 1909 terrogatiouis
363 1837 526 1908 accepisse,
548 1836 611 1892 eius
632 1851 739 1906 nempe
757 1833 1013 1907 interrogationis,
1040 1854 1115 1909 quae
1136 1856 1177 1894 ex

25 1970 28 1978 l
135 1919 285 1994 praesenti
313 1937 412 1976 remim
441 1922 516 1975 statu
541 1916 665 1974 eueniat.
704 1913 750 1972 Ita
772 1913 880 1974 factum
902 1921 962 1991 est,
992 1924 1025 1972 ut
1044 1935 1071 1974 e.
1093 1937 1123 1992 g.
1144 1919 1177 1976 in

135 2001 298 2070 Phoenissis
318 1997 470 2074 Euripidis
497 2019 526 2060 v.
549 1983 620 2084 ⁴¹³⁵·
649 1997 707 2058 alia
737 1998 823 2058 etiem
848 1997 991 2076 particula
1014 1999 1177 2062 conclusiva

136 2085 307 2146 accesserit:
1087 2087 1090 2095 ⁴

307 2200 372 2287 'Ap’
392 2210 513 2284 εὐτυχεῖς
529 2203 580 2270 οὖν
597 2217 654 2274 τοῖς
670 2209 779 2283 γάμοις,
796 2205 814 2279 ἢ
831 2213 990 2283 δυστυχεῖς
1090 2209 1094 2219 “

19 2323 22 2334 ’
134 2339 186 2399 nbi
217 2337 350 2412 quamvis
383 2337 470 2396 etiam
502 2323 556 2420 ἄρ’
591 2327 737 2412 εὐτυχεῖς
768 2334 894 2411 quodam
925 2335 1011 2396 modo
1045 2336 1174 2414 aliquam
1244 2331 1248 2336 ’

134 2413 385 2480 ratiocinationem
405 2421 581 2492 contineret,
608 2425 704 2475 tamen
725 2422 795 2492 quia
815 2421 901 2479 istam
922 2421 1174 2482 ratiocinationem

134 2506 229 2576 magis
240 2502 335 2562 voluit
346 2501 443 2561 efferri
453 2499 623 2576 Euripides,
634 2501 738 2559 adiecit
751 2501 922 2575 particulam
937 2491 1004 2578 οὖν,
1016 2503 1094 2576 quod
1108 2495 1175 2584 ἆρα

74 2623 79 2627 -
135 2589 202 2662 ipso
225 2607 279 2644 usu
298 2588 360 2644 iam
383 2605 460 2660 pene
482 2587 619 2651 amiserat
638 2585 699 2640 vim
723 2585 963 2644 ratiocinationis.
1005 2585 1108 2658 Atque
1134 2589 1176 2644 ita

134 2670 242 2729 factum
263 2677 323 2742 est,
351 2677 384 2725 nt
404 2669 490 2725 etiam
514 2656 597 2749 dioc,
619 2665 698 2736 quod
719 2666 754 2724 ab
776 2665 878 2722 eadem
897 2665 994 2722 radice
1015 2667 1176 2738 proiectum

136 2754 193 2826 est',
213 2755 246 2810 in
265 2771 301 2809 ea
317 2751 547 2826 interrogatione
567 2754 737 2818 poneretur,
756 2746 850 2803 ueluti
868 2746 946 2819 qnod
964 2747 1041 2821 apud
1059 2744 1175 2810 Aristo-

136 2833 267 2909 phanem
291 2834 428 2904 scriptum
447 2830 557 2902 legitur
578 2847 657 2884 nunc
674 2825 803 2886 in‘Nnb.
825 2847 855 2887 v.
877 2831 938 2888 464
960 2849 1004 2904 sq.

440 2929 509 3023 'geori
525 2957 559 3008 γε
575 2936 650 2994 τοῦτ’
670 2931 716 3013 ἄρ’
737 2932 792 3008 tyci
809 2937 872 2994 ποτ’

145 3083 150 3092 ,
368 3020 372 3029 “
446 3019 572 3092 salman

138 3136 197 3190 quo
223 3112 346 3172 deloco
368 3132 508 3188 suprap.
535 3117 604 3172 129.
628 3111 686 3171 alia
707 3112 742 3172 de
763 3133 864 3174 caussa
887 3115 1062 3190 explicatum
1086 3129 1139 3180 est.
1212 3114 1215 3120 ’

100 3275 102 3277 ¹
138 3249 146 3266 ,
220 3196 309 3277 Quod
329 3203 423 3255 autem
446 3194 631 3273 Hartuugius
655 3197 677 3254 l.
698 3196 719 3254 1.
741 3199 799 3257 vol.
820 3195 844 3255 l.
866 3220 898 3273 p.
917 3201 990 3262 452.
1011 3200 1087 3262 banc
1106 3225 1172 3277 par.

135 3281 253 3340 ticulum
271 3282 315 3338 ita
334 3279 450 3355 divisit,
470 3289 503 3338 nt
523 3283 650 3355 primum
670 3282 812 3340 incertum
834 3281 920 3358 illud,
940 3287 974 3343 in
995 3305 1054 3358 quo
1073 3305 1172 3346 versa-

134 3385 246 3438 remur,
272 3371 321 3422 aut
343 3363 461 3422 dubium
485 3372 535 3422 ant
555 3366 741 3438 ambignum,
764 3363 869 3422 deinde
886 3369 1091 3446 mirationem,
1114 3389 1174 3440 qua
1286 3405 1290 3414 ·

134 3446 206 3521 quid
236 3453 353 3520 praeter
383 3449 629 3520 exspectationem
660 3447 768 3504 iactum
799 3450 1014 3522 acciperemus,
1047 3449 1173 3522 deniqne

135 3529 346 3589 dubitationem
372 3543 439 3599 per·
454 3547 519 3584 eam
547 3529 721 3602 particulam
751 3529 893 3586 declarari
922 3529 1047 3604 diceret,
1073 3530 1106 3589 id
1132 3535 1173 3591 ita

135 3633 238 3674 uerum
272 3619 331 3684 est,
363 3609 501 3682 quoniam
532 3613 659 3681 pertinet
689 3611 729 3666 ad,
757 3629 874 3669 omnem
904 3613 1173 3690 interrogationem,

135 3697 218 3754 nullo
238 3693 324 3753 modo
344 3692 472 3770 pertinet
492 3690 529 3746 ad
548 3693 642 3763 ipsam
660 3695 721 3750 vim
738 3694 896 3766 particulae
918 3685 994 3777 cipe,
1014 3717 1101 3770 quam
1121 3717 1173 3768 po·

65 3805 68 3810 ·
136 3789 243 3838 stremo
271 3775 387 3834 tandem
417 3773 481 3830 loco
506 3780 584 3830 recte
610 3774 676 3845 ipse
701 3795 816 3848 qnoque
837 3775 1021 3850 Hancngim
1042 3780 1172 3852 agnovit,

138 3865 208 3938 quia
231 3861 480 3919 ratiocinationem
499 3857 532 3913 in
555 3874 589 3914 ea
611 3857 752 3912 contineri
775 3857 860 3915 dixit.
973 3911 975 3916 .

134 4014 136 4020 Ι
222 3942 310 4022 Quod
332 3962 420 4015 quom
443 3943 484 3998 ita
505 3940 557 4014 sit,
585 3937 752 3995 debebimus
773 3942 869 4011 potius
890 3941 926 3997 ab
947 3941 1012 3999 istis
1034 3941 1104 4000 locis
1126 3945 1171 4000 in·

138 4021 246 4102 cipere,
261 4028 293 4084 in
312 4019 415 4097 quibus
432 4025 478 4084 vis
494 4025 551 4082 ista
565 4021 794 4080 ratiocinationis
807 4023 901 4098 magis
916 4033 1063 4099 appareat,
1080 4026 1170 4086 veluti

139 4113 179 4172 ab
202 4109 257 4172 illc
277 4105 456 4186 Thucydidis
484 4101 565 4186 loco,
595 4107 647 4183 qui
674 4114 826 4183 usurpator
854 4115 896 4167 est
923 4129 939 4168 a
969 4113 1170 4187 grammaticis,
