2916 4590
597 239 695 338 den.

127 409 275 494 άκοάσας
292 408 310 481 ὅ
324 415 438 504 Κῦρος
453 411 617 483 ίπαίσατο
629 410 697 504 ἄρα
710 413 768 482 τὸν
780 413 886 504 μηρὸν
900 415 956 484 καί
969 410 1073 497 &aar
1086 414 1166 489 άνα·

126 496 285 585 πηδήσας
306 495 364 566 ἐπὶ
385 497 442 564 τὸν
462 495 586 580 trecor,
607 497 717 580 λαβὼν
735 497 862 582 χιλίους
883 495 1009 579 ἱππέας
1027 497 1165 586 ἤλαυνεν

127 581 185 650 ἐπί
212 581 250 648 τὸ
274 583 415 660 πάθος,
447 589 554 646 mirum
574 593 620 645 est
642 584 770 663 Cyrum,
796 593 952 662 postquam
971 597 1092 647 mortam
1111 590 1164 649 Ιιο-

125 672 215 728 minis
233 669 388 728 familiaris
411 669 537 744 audivit,
558 670 656 728 femur
675 671 868 748 percussisse,
890 691 948 746 quo
968 672 1077 730 luctum
1095 695 1165 748 pro·

126 753 225 828 deret,
253 753 303 812 aad
331 754 418 813 rebus
447 756 489 811 ita
520 756 692 827 comparatis
717 775 837 828 prorsus
860 761 1103 832 consentaneum,
1134 763 1166 816 nt

125 840 214 896 etiam
238 835 292 896 hoc
315 836 379 894 loco
409 828 475 920 ἄρα
502 837 565 896 iera
587 843 674 913 tntum
700 838 854 914 significet.
904 837 955 898 Sic
972 842 1015 898 »in
1040 841 1165 914 reliquis

125 917 241 996 quodne
253 922 335 985 ‚locis
360 920 461 980 eadem
484 921 657 995 significatio
679 929 722 980 est
741 921 899 996 particulae
920 914 995 1006 ἄρα.
1036 921 1073 981 In
1092 923 1165 983 Ari·

26 1073 28 1078 ,
124 1004 276 1079 stephanis
300 1011 395 1064 antem
416 1008 596 1078 [paniculae
617 1025 646 1066 ν.
671 1011 731 1064 812
753 1026 828 1082 sqq,
849 1008 905 1084 etsi
926 1009 1015 1066 etiam
1035 1008 1078 1066 ibi
1097 999 1165 1091 ἄρα

124 1087 273 1148 reddenda
293 1095 371 1150 essct
391 1108 445 1164 per
466 1092 563 1166 initote,
585 1097 682 1156 tamen
702 1095 780 1150 recte
799 1110 894 1167 nuper
915 1109 955 1152 ex
974 1091 1057 1150 libris
1077 1109 1163 1166 repo-

125 1174 215 1232 situm
236 1181 295 1235 est:

352 1257 437 1329 Οὗτος
456 1267 538 1323 συνὸ
562 1272 660 1340 Τίμων

349 1334 431 1408 ᾤχεθ’
449 1334 504 1392 ὑπὸ
520 1343 621 1407 μίσους

349 1404 438 1461 πολλά
455 1403 643 1480 καταράμενος
660 1399 778 1478 ἀνδράσι
793 1409 944 1479 πονηροῖς,

121 1530 183 1584 quo
205 1511 298 1584 magis
322 1520 458 1587 appareat
480 1513 731 1572 ratiocinationem
752 1512 803 1572 isti
826 1510 983 1572 iconentis
1005 1528 1163 1570 ευστατηιυ-

120 1595 222 1652 datam
243 1605 315 1653 esse.
569 1599 573 1604 '
733 1647 736 1653 Δ

210 1675 299 1756 Quod
331 1680 357 1737 si
382 1675 564 1751 Hartungtus
591 1698 653 1736 non
678 1675 905 1751 praeindicatam
930 1677 1098 1751 opinionem
1126 1678 1164 1737 ad

119 1759 178 1818 hos
208 1761 288 1819 locos
320 1759 487 1835 adtulisset,
515 1762 578 1833 ipsc
606 1780 723 1834 quoque
749 1759 813 1818 sine
836 1759 924 1816 dubio
945 1779 996 1818 eos
1017 1767 1094 1819 recte
1117 1763 1163 1818 in·

120 1843 302 1901 tallexisset.
350 1841 410 1902 Sed
435 1844 487 1901 ille
517 1841 789 1916 quom'discrimen
818 1847 945 1900 statuere
969 1841 1059 1899 reflat
1087 1845 1166 1902 inter

119 1925 179 1984 has
203 1925 359 2000 particulas
381 1933 410 1984 et
432 1931 582 1984 externam
599 1926 695 1999 potius
716 1925 854 1982 orationis
873 1924 997 1982 formam
1018 1945 1106 1998 quem
1117 1928 1166 1986 in·

119 2017 236 2067 tumam
263 2012 324 2067 vim
350 2012 430 2069 vocis
460 2004 481 2070 ά
503 2031 525 2071 α
551 2008 761 2082 consideraret,
790 2005 903 2082 aliquid
920 2011 1065 2083 praecepit
1086 2008 1165 2084 qnod

36 2085 41 2102 '
119 2094 213 2168 plana
234 2093 343 2150 falsum
363 2101 446 2153 asset.
521 2115 559 2151 cn
579 2099 624 2154 est
637 2099 735 2152 autem
748 2087 876 2166 difficile,
896 2092 1031 2166 quemad
1047 2094 1164 2154 modum

121 2176 262 2235 differant
292 2178 369 2234 inter
398 2197 428 2234 se
457 2169 522 2259 ἄρα
550 2183 580 2234 et
604 2165 662 2238 οὗν
687 2181 717 2234 at
740 2167 793 2238 διὸ
815 2182 845 2233 et
866 2195 942 2250 qnae
963 2183 1030 2235 sunt
1052 2178 1162 2244 similes
1253 2229 1258 2247 ,

121 2260 299 2334 particulae,
331 2259 442 2319 docere.
489 2247 555 2321 Οὖν
580 2262 675 2334 euim,
702 2256 781 2333 quod
809 2260 874 2319 sine
898 2259 984 2320 dnbio
1013 2260 1085 2321 olim
1105 2262 1164 2321 fuit

123 2337 186 2413 ἔον,
211 2343 337 2403 estsere
360 2341 499 2402 Latinum
522 2343 595 2420 qnod
617 2361 700 2420 ουσαν
721 2345 764 2400 tta
786 2347 833 2412 sit,
858 2344 967 2419 itaque,
987 2351 1021 2402 ut
1043 2342 1109 2422 hoc,
1129 2347 1164 2404 in

123 2429 235 2500 aptiore
266 2428 465 2500 conclusione,
495 2426 590 2499 qualis
610 2423 849 2502 philosophorum
871 2447 934 2486 essa
956 2428 1049 2504 solet,
1077 2449 1162 2489 usur-

122 2519 223 2586 patur,
253 2506 305 2574 διὸ
329 2519 371 2570 est
394 2529 479 2588 φιαιιι
504 2511 536 2570 cl
560 2528 633 2579 earn,
657 2517 690 2567 nt
715 2510 802 2567 etiam
824 2509 880 2568 hoc
901 2513 997 2584 aptius
1021 2512 1093 2572 duas
1113 2533 1162 2573 res

123 2597 287 2668 coniungat.
340 2593 486 2654 Partionla
517 2613 587 2652 reru
616 2585 683 2676 ἄρα
711 2613 772 2652 non
803 2600 860 2652 tam
888 2601 954 2668 apte
983 2595 1163 2670 conglutinat

124 2677 193 2736 duas
224 2699 290 2752 rea,
321 2678 372 2738 sed
397 2679 509 2736 leviora
532 2674 656 2752 quodam
678 2676 764 2734 modo
790 2677 940 2750 coniungit
964 2678 1163 2736 antecedentia

124 2755 157 2818 εί
176 2764 337 2838 sequentia,
357 2764 408 2820 ubi
427 2759 532 2819 Latini
552 2760 615 2818 fere
635 2753 733 2817 dicunt
752 2763 847 2833 initur,
869 2768 918 2817 aut
940 2760 1112 2834 quibusdam
1129 2764 1162 2820 in

127 2844 199 2902 locis
230 2848 329 2904 etiam:
369 2865 440 2923 quac
465 2863 549 2921 αιισαι
572 2847 614 2901 ite
635 2848 707 2912 sint,
740 2849 790 2898 aut
815 2843 897 2901 rebus
917 2849 960 2902 tto
980 2849 1161 2921 cmnpcrctls.

129 2923 204 2984 Gum
230 2931 317 3003 igitur
343 2920 409 3012 ἄρα
436 2946 495 2986 non
523 2935 582 2985 tam
603 2931 671 3000 apta
693 2925 861 3000 ansatas,
888 2930 921 2985 in
941 2928 1080 2987 familiari
1100 2944 1163 2988 ser-
1248 2995 1251 3000 ,

127 3030 222 3084 mone,
243 3015 273 3070 in
292 3013 426 3089 dialogis,
442 3015 476 3072 in
494 3013 630 3072 liberiore
650 3010 788 3070 narrandi
804 3030 912 3086 genere
931 3033 1020 3088 caepa
1039 3031 1161 3074 numero

125 3103 295 3171 usurpatur,
325 3099 415 3155 multo
446 3099 540 3158 rarius
562 3098 710 3155 invenitur
731 3099 764 3153 in
785 3099 1160 3178 accuratioribusplsiloso·

120 3178 247 3254 phorum
276 3183 515 3240 conclusionibus.
565 3177 614 3240 Sic
641 3182 750 3238 factum
777 3189 834 3251 est,
862 3189 895 3240 ut
917 3183 1047 3257 exempli
1067 3182 1160 3258 gratia

118 3261 296 3325 Aristoteles
317 3287 404 3340 quom
421 3269 453 3324 in
465 3267 646 3325 Poltttcosnm
662 3265 738 3324 libro
756 3267 850 3338 primo
868 3269 1046 3340 saepissume
1064 3261 1160 3328 dedet

118 3337 180 3410 οὖν
200 3351 354 3424 particulas
376 3353 529 3424 posuisset,
550 3351 583 3405 in
604 3364 639 3406 eo
659 3349 736 3406 libro
756 3367 815 3406 nnn
838 3347 988 3409 adhiberet
1011 3343 1078 3430 ἄρα
1092 3370 1160 3422 par-

116 3431 249 3508 ticulam,
270 3455 359 3508 qnam
378 3435 412 3489 in
434 3434 523 3490 altero
545 3431 657 3490 demum
678 3432 754 3492 libro
772 3449 834 3505 cap.
851 3435 882 3491 4.
903 3437 930 3502 §.
948 3437 979 3492 9.
1001 3434 1160 3508 usurpavit,

114 3523 146 3574 et
178 3519 225 3576 ibi
255 3539 317 3577 non
348 3517 414 3576 sine
445 3516 543 3588 aliqua
572 3517 685 3588 ironia,
713 3515 765 3576 nbi
790 3514 873 3570 molli
899 3513 1017 3587 quidem
1042 3515 1160 3576 brechio

54 3619 62 3633 ⁵
112 3601 179 3660 volt
206 3600 361 3660 Platonem
383 3599 553 3670 obiurgare,
585 3596 662 3669 qnod
685 3594 722 3654 de
742 3613 775 3654 re
794 3597 917 3657 militari
937 3621 997 3659 nou
1019 3610 1094 3660 esset
1115 3598 1160 3658 lo·

112 3694 204 3745 cutus
235 3689 269 3745 in
298 3705 330 3744 re
360 3683 481 3762 ριιλίίοσ.
531 3677 620 3737 Ponit
647 3681 735 3752 igitur
764 3679 852 3741 haec:
880 3673 946 3746 Ἐτι
975 3679 1017 3744 τὰ
1048 3677 1160 3744 πολλὰ

109 3763 279 3850 βούλεται
301 3757 553 3844 κατασκευάζειν
575 3757 612 3836 ἐξ
632 3748 676 3822 ὧν
697 3757 739 3822 τά
759 3760 846 3846 πρὸς
868 3757 988 3838 αὖτοὺς
1005 3755 1161 3834 πολιτεύ-

111 3866 240 3918 σονται
270 3851 395 3928 καλῶς,
427 3849 478 3914 δεῖ
507 3837 543 3912 δὲ
570 3838 740 3926 καὶπρὸς
766 3837 844 3918 τοὺς
870 3846 1077 3926 γειτνιῶντας
1106 3839 1164 3906 καί

110 3933 198 4013 τοὺς
233 3931 359 4010 ἔξωθεν
389 3929 526 4009 πάντας.
577 3921 774 4006 Ἀναγκαῖον
806 3919 870 4010 ἄρα
902 3923 960 4012 τὴν
990 3921 1164 3992 πολιτείαν

110 4015 344 4096 συντετάχθαι
365 4015 450 4106 πρὸς
468 4014 528 4104 τὴν
549 4007 734 4094 πολεμικὴν
756 3998 855 4088 ίσχάυ,
877 4007 957 4099 περί
977 3997 1017 4098 ἧς
1038 4009 1162 4088 ἐκεῖνος

109 4097 221 4170 οὐδὲν
243 4097 382 4185 εἴρηκεν.
425 4113 431 4124 '
829 4135 834 4145 ·
