2916 4590
294 473 339 516 res
360 463 404 514 εει
432 454 501 528 (aut
520 451 605 521 rebus
622 453 665 510 lto
685 449 876 526 comparatis)
903 445 1035 522 adtinget.
1069 443 1219 521 =Denique
1245 447 1334 508 eliam

294 536 373 612 apud
392 534 620 611 Xenophontem
637 534 670 591 in
685 528 843 608 Disciplina
859 527 930 603 (ἶριί
939 529 991 590 lib.
1010 525 1099 593 Vlll.
1114 551 1178 605 cap.
1196 537 1225 592 3.
1239 535 1268 604 ᾗ.
1280 534 1333 594 25.
1447 591 1448 612 ,

294 622 340 682 ed.
362 619 457 680 Zeun'.
478 622 523 680 vis
543 619 596 678 illa
615 617 735 676 levioris
756 615 991 681 ratiocinationis.
1004 614 1091 673 facile
1102 616 1221 690 agnosci
1235 611 1334 690 potest
1447 659 1448 690 ,

291 708 325 762 in
354 705 453 764 verbis
480 702 543 760 lrisr
576 701 692 764 Σακῶν
719 693 755 762 δὲ
783 692 909 773 (nem'pe
934 692 1045 766 ἐνίκα)
1075 689 1211 845 ἶδιαίτὲς
1240 691 1332 798 ἀνήρ,
1447 719 1448 796 ρ

292 779 458 850 ἀπέλιπεν
486 778 551 869 άρα
576 784 623 868 τῷ
645 780 742 864 ἵππῳ
772 777 849 857 τοὺς
875 777 995 855 ἄλλους
1020 775 1149 856 ίππονς
1188 777 1264 862 wag
1284 803 1334 864 τοι

291 862 406 956 ἡμίσει
430 869 491 935 τοῦ
519 860 656 952 δρόμου.
709 865 826 926 Dicitur
854 864 929 925 hoc:
968 868 1109 924 Sacarum
1142 873 1236 923 autom
1264 870 1333 924 τίειν

206 1029 208 1033 ¹
290 958 422 1030 priuatas
441 954 541 1011 laomor
563 952 677 1027 reliquit
697 955 784 1026 ῑρλλιιν
805 948 878 1020 (hoc
897 953 985 1024 igitur
1003 950 1133 1022 ponitur,
1154 954 1187 1005 ut
1205 947 1242 1008 ad
1258 968 1334 1026 rem,

292 1057 367 1112 quae
394 1037 530 1094 universa
558 1036 656 1108 posita
678 1040 740 1092 erat
762 1039 864 1108 antea,
896 1033 956 1090 iam
977 1034 1061 1104 quasi
1083 1031 1187 1090 ordine
1208 1051 1262 1093 suo
1286 1053 1332 1092 ac·

292 1120 376 1178 cedas
403 1119 572 1194 singillatim
595 1115 816 1191 exponendam)
847 1135 916 1192 ικμιο
940 1135 992 1172 cco
1016 1124 1119 1175 ceteros
1142 1135 1226 1192 equos
1245 1135 1332 1192 prope

292 1203 438 1262 contacto
467 1201 600 1262 οιαιλοιιλλ
624 1205 728 1277 sparto.
777 1197 826 1256 Ac
854 1201 895 1256 sic
916 1217 965 1258 res
989 1216 1053 1258 sese
1077 1197 1166 1258 habet
1189 1201 1277 1257 etiam
1299 1201 1332 1256 iu

291 1285 413 1358 reliquis
431 1284 503 1342 locis
515 1281 639 1341 Homeri
660 1292 688 1343 et
700 1280 836 1357 Hesiodi,
857 1303 930 1356 quos
943 1278 1000 1339 lruc
1014 1285 1127 1340 vocarit
1140 1279 1330 1358 Hartungius.

290 1365 383 1433 Nullo
404 1370 484 1426 enim
505 1366 592 1426 modo
614 1359 687 1448 άραι
699 1365 786 1426 habet
808 1387 862 1440 per
882 1385 914 1424 so
933 1366 994 1424 vim
1015 1367 1186 1426 mirationis.

373 1450 482 1525 Etiam,
497 1471 532 1509 ee
552 1449 700 1523 exempla,
722 1469 796 1524 quae
810 1457 942 1524 septumo
955 1449 1019 1509 loco
1033 1449 1136 1525 adfigit
1149 1447 1332 1523 Hartungius

244 1528 246 1534 ¹
290 1555 322 1608 p.
344 1535 405 1595 435
428 1555 485 1609 sq,
504 1537 547 1593 ita
567 1540 731 1608 comparata
750 1541 828 1609 sunt,
850 1542 883 1592 ut
902 1533 1062 1607 particulae
1083 1525 1149 1616 ἄρα
1172 1536 1235 1593 vim
1255 1552 1331 1607 eam,

291 1637 380 1692 quam
410 1620 560 1692 propriam
590 1625 657 1676 ante
687 1621 856 1694 statuimus,
884 1616 970 1675 facile
994 1623 1142 1676 rtueantur.
1191 1615 1269 1676 Nam
1299 1618 1332 1674 iu

289 1705 385 1776 primo
409 1703 473 1762 loco
503 1701 645 1777 Dionysii
668 1699 818 1760 Halicaru.
841 1703 940 1778 Aoltq.
962 1705 1046 1759 Rom.
1067 1701 1119 1759 lib.
1140 1697 1167 1758 l.
1189 1721 1252 1774 cap.
1276 1704 1328 1758 39.

289 1779 518 1868 particuladlpa
543 1787 663 1859 respicit
688 1785 725 1843 ad
752 1805 803 1860 ea,
834 1804 908 1860 quae
929 1792 1012 1842 antea
1036 1783 1111 1842 dicta
1132 1789 1227 1843 erant.
1268 1780 1330 1842 Le·

289 1877 397 1944 guntur
419 1871 500 1928 enim
521 1870 565 1928 ibi
586 1867 675 1926 haec:
710 1858 886 1950 ἀμηχανῶν
907 1858 925 1928 ὅ
944 1861 1112 1950 Ἡρακλῆς
1132 1862 1167 1938 ὅ,
1198 1889 1231 1931 τι
1250 1859 1331 1950 χρή-

290 1971 385 2014 σεται
411 1952 458 2034 τῷ
485 1945 672 2046 πράγματι,
702 1944 751 2024 εἰς
771 1951 848 2013 νοῦν
867 1946 1027 2028 βάλλεται
1047 1943 1256 2028 προσελάσαι
1278 1949 1331 2032 τῷ

289 2029 445 2122 σπηλαίῳ
467 2027 526 2108 τὰς
547 2025 650 2106 ἁλλας
669 2026 763 2112 βόας.
788 2025 834 2108 ὡς
855 2030 892 2096 δὲ
914 2025 979 2114 άρα
997 2031 1056 2114 τῆς
1073 2027 1238 2109 1συννόμου
1258 2051 1330 2112 φω-

288 2116 346 2200 νῆς
372 2138 408 2178 τε
437 2111 493 2178 καὶ
521 2105 628 2196 ὀσμῆς
655 2109 691 2178 αἱ
720 2108 877 2178 ἔντοσθεν
900 2111 1064 2202 ᾔσθοντο,
1102 2108 1328 2194 ἀντεμυκῶντο

288 2199 363 2271 ταῖς
394 2191 567 2270 ἔκτοσθεν,
599 2192 655 2260 καὶ
683 2191 832 2278 ἐγεγώνει
854 2190 874 2282 ἡ
898 2192 991 2282 φωνὴ
1014 2189 1123 2260 αὐτῶν
1145 2191 1329 2281 κατήγορος
1372 2202 1376 2208 ’

288 2280 347 2365 τῆς
374 2279 530 2362 κλοπῆς,
560 2282 662 2355 quibus
689 2284 723 2338 in
749 2284 848 2342 verbis
875 2303 929 2355 per
953 2282 1126 2356 particulam
1150 2275 1215 2366 ἄρα
1237 2283 1328 2355 signi-

287 2363 390 2422 ficatur
410 2384 443 2422 re
466 2385 501 2422 ca
520 2364 614 2438 facta,
638 2367 718 2424 cuius
740 2367 774 2424 iu
795 2373 923 2424 mentem
943 2371 1065 2436 venerat
1086 2363 1227 2439 Herculi,
1255 2363 1328 2423 illud

288 2450 461 2522 contigisse,
490 2453 522 2504 ut
550 2450 638 2506 eliam
664 2447 720 2508 hoc
749 2449 813 2508 loco
839 2447 963 2508 Latinae
991 2449 1150 2522 particulae
1173 2453 1260 2523 opiter
1281 2466 1328 2506 re·

288 2530 438 2604 spondeat.
480 2528 650 2607 Eademque
670 2535 718 2593 vis
738 2535 892 2607 conspicua
913 2535 1012 2592 estin
1032 2532 1086 2590 illo
1107 2531 1241 2591 Platonis
1261 2531 1326 2590 loco

286 2614 329 2674 ‘ex
358 2614 489 2674 Uoccicto
519 2613 600 2674 Part.
622 2613 662 2673 H.
689 2615 747 2675 vol.
768 2614 865 2691 H.·p.
892 2621 962 2674 380.
993 2615 1038 2674 ed.
1066 2613 1164 2674 Bekk.
1191 2636 1222 2689 p.
1255 2619 1326 2674 177.

288 2704 421 2756 extrema
450 2697 496 2756 ed.
523 2695 563 2758 Η.
588 2696 697 2774 Steph:
727 2700 841 2762 Ταῦτα
869 2694 909 2802 clv}
933 2694 993 2761 ’καὶ
1020 2691 1053 2760 ολ
1079 2691 1177 2762 ἄλλοι
1203 2690 1329 2771 πάντες
1361 2701 1364 2706 ’

288 2767 353 2862 άρα
375 2773 561 2864 ξονέφασάν
584 2803 620 2844 τε
642 2777 697 2845 καί
719 2777 868 2846 ε’κέλεινον
890 2778 978 2864 άπερ
1001 2771 1018 2843 ὁ
1036 2772 1223 2864 Σωκράτης.
1264 2779 1326 2840 Ne-

286 2884 346 2938 que
367 2867 445 2923 enim
465 2865 641 2942 mirum-aut
661 2867 892 2946 inexspectatum
913 2873 984 2939 erat,
1009 2865 1087 2939 quod
1103 2864 1192 2924 ceteri
1207 2885 1325 2938 quoque

286 2947 403 3008 adsensi
426 2953 511 3021 sunt,
542 2947 594 3008 sed
616 2951 661 3007 rei
681 2952 778 3022 potius
799 2951 889 3024 plane
911 2956 1145 3007 cousentaneum.
1189 2945 1325 3008 Socrates

286 3033 367 3088 enim
394 3032 435 3090 ita
461 3050 523 3088 rem
547 3031 677 3090 elocutus
703 3037 780 3105 erat,
812 3041 845 3089 ut
866 3031 923 3090 hoc
946 3035 1044 3105 ipsum
1070 3031 1246 3107 significaret
1273 3052 1325 3090 ne-

285 3114 395 3169 minem
424 3110 511 3170 facile
543 3133 560 3170 a
593 3132 647 3172 sua
678 3115 817 3188 opinione
834 3115 1048 3191 'dissensurum
1076 3136 1149 3176 esse.
1198 3113 1331 3174 Dixerat·

285 3197 390 3288 euim,
407 3183 525 3268 Οὐδείς
545 3214 617 3266 σοι,
640 3183 882 3277 ὦἘρνξίμαχε,
904 3193 1034 3285 ἐναντίᾳ
1050 3197 1231 3284 ψηφιεῖται
1249 3191 1326 3261 οὔτε

285 3272 348 3362 γὰρ
369 3297 408 3338 αν
428 3296 497 3338 που
519 3269 583 3356 ἐγὼ
605 3269 834 3378 άποφήσαιμι,
860 3272 900 3355 λίς
921 3272 1017 3345 οὐδέν
1038 3303 1126 3365 φημι
1147 3272 1227 3343 ἄλλο
1250 3275 1351 3344 ε’πίν

285 3361 434 3425 στασθαι
454 3350 476 3440 ἢ
497 3353 539 3422 τά
560 3357 720 3446 ἐρωτικά,
750 3359 824 3428 οὒτε
843 3386 911 3430 που
927 3355 1085 3448 Ἀγάθων
1108 3359 1165 3428 καί
1185 3365 1329 3442 Παυσα-

284 3437 375 3518 νίας,
410 3433 487 3506 oili
517 3438 582 3529 μὴν
607 3437 867 3533 Ἀριστοφάνης,
901 3434 928 3530 ᾧ
960 3444 1041 3534 περὶ
1072 3440 1235 3512 Διόνυσον
1268 3442 1326 3510 καὶ

278 3520 481 3626 ᾉφροθίτην
502 3529 597 3592 πᾶσα
617 3523 637 3612 ἡ
661 3524 824 3618 διατριβή,
848 3525 925 3596 οὐδὲ
947 3522 1045 3620 ἄλλος
1062 3519 1171 3606 οῧάεὶς
1186 3525 1326 3594 τουτωνὶ

169 3650 173 3654 -
286 3631 330 3670 ων
365 3603 428 3688 ἔγω
464 3609 544 3692 ορῶ.
581 3607 690 3676 καίτοι
725 3607 785 3678 οὐκ
812 3611 850 3690 ἐξ
874 3609 949 3679 ἴσον
976 3608 1120 3696 γίγνεται
1139 3607 1225 3700 ’ἡμῖν
1252 3615 1324 3688 τοῖς

283 3682 439 3764 ὑστάτοις
460 3691 714 3771 κατακειμένοις,
737 3689 807 3760 ἄλλ’
823 3693 878 3762 ἐάν
901 3691 934 3762 ολ
955 3691 1107 3799 πρόσθεν
1129 3693 1250 3770 ἱκανῶς
1267 3692 1325 3761 καὶ

284 3771 394 3846 καλῶς
415 3765 563 3848 εἴπωσιν,
586 3772 756 3865 ἐξαρκέσει
776 3774 863 3861 ὑμῖν.
902 3775 1004 3841 Ἀλλα
1026 3778 1105 3865 τύχῃ
1128 3773 1243 3865 άγαθῆ
1264 3801 1324 3842 κα-

284 3852 429 3938 καρχέτω
449 3855 596 3940 Φαῖδρος
618 3858 675 3925 καὶ
695 3859 925 3944 ἐγκωμιαζίτιο
945 3859 1003 3925 τὸν
1014 3853 1156 3946 Ἔρωτα.
1199 3847 1325 3926 Nemini
1356 3877 1360 3886 ’

281 3942 372 4016 igitur
397 3947 513 4015 praeter
532 3941 731 4022 Hartungium
756 3952 866 4025 poterit
891 3949 997 4005 mirum
1020 3966 1103 4022 esse,
1133 3948 1212 4023 quod
1234 3947 1335 4009 ceteri·

283 4044 399 4100 quoque
418 4025 628 4088 adsentiuntur.
670 4029 778 4108 Neque
797 4053 868 4092 vero
889 4033 922 4091 in
938 4027 1148 4106 Xenophontis
1161 4035 1327 4110 Disciplina

285 4104 350 4184 Οριι
370 4107 422 4168 lib.
434 4103 509 4170 Vll.
529 4129 590 4188 cap.
605 4119 633 4174 3.
649 4118 676 4186 s.
693 4121 734 4192 6.,
755 4117 806 4177 ubi
826 4115 897 4176 haec
919 4115 1008 4176 verba
1029 4115 1182 4191 leguntur:
1207 4115 1327 4180 Ταῦτα
