2900 4584
616 228 709 322 acio·
1119 233 1184 304 2³³

133 411 176 466 λα
192 399 317 464 neruosa
346 403 405 479 lcpc
427 409 499 462 certe
515 397 598 460 retas
617 406 659 460 ito
682 403 854 478 cocopcrctis
874 403 962 464 olion
981 422 1093 474 semona
1112 425 1182 476 esso,

146 489 237 548 cliuus
255 487 381 556 λλλαυοα,
402 494 507 544 nowen
523 503 590 544 uero
605 485 677 544 attat
692 483 812 558 differre,
831 491 925 563 itaque
939 495 1037 548 contro
1049 497 1184 550 notorum

147 587 207 629 esse
236 570 410 628 declinatum
435 572 466 627 io
494 587 614 626 οονυααο.
658 565 692 626 Si
716 565 822 626 Graeci
843 570 983 630 ultumum
1003 580 1183 646 argumenta·

149 655 236 712 tionis
262 655 423 710 membrum
447 671 506 708 non
532 651 597 709 fere
622 651 758 711 solebant
776 653 872 726 ipsum
893 673 1018 727 ponere,
1042 663 1118 713 recte
1139 655 1185 712 illi

148 737 266 810 quidem
295 742 471 817 statuerumt:
505 753 581 792 unns
613 737 692 792 enim
724 736 865 808 quisque,
902 734 1051 809 qui‘haec
1074 737 1186 812 recitat,

146 839 235 896 quom
257 817 349 877 altera
370 819 513 878 sententia
533 827 736 890 conponatur
757 821 815 876 nisi
838 821 944 892 prioris
959 839 1071 900 caussa,
1093 839 1186 893 eaque

143 904 232 961 etiam
254 903 392 960 liberiore
417 899 534 975 quidem
559 901 645 959 modo
668 902 879 974 conclusionis,
908 901 945 961 de
967 924 1025 977 qno
1046 922 1134 977 supra
1154 904 1188 961 in

141 985 288 1062 particule
309 977 374 1068 ἄρα
396 983 569 1058 explicanda
590 984 728 1058 diximus,
752 986 897 1044 reseratur
918 986 955 1044 ad
975 986 1186 1060 antecedentia,

134 1069 179 1126 'nt
192 1076 331 1143 appareat
342 1089 400 1126 nou
414 1087 477 1127 esse
490 1067 564 1126 hano
576 1071 639 1126 siue
652 1065 749 1142 priore
759 1069 811 1126 illa
824 1071 937 1128 ratione
948 1069 1186 1143 intellegendam,

143 1151 292 1211 faciliusne
314 1152 579 1227 adsequitpoterat,
603 1173 694 1225 quem
707 1152 749 1210 ad
769 1153 887 1210 modum
909 1153 1075 1228 accipienda
1095 1155 1187 1212 verba

142 1244 250 1295 essent.
291 1233 337 1310 ld,
359 1244 512 1311 postquam
534 1235 646 1294 dicendi
664 1236 874 1294 consuetudine
887 1237 941 1296 ille
953 1235 1068 1296 dicendi
1082 1233 1187 1296 modos

140 1321 183 1378 ita
205 1328 360 1393 usurpatus
383 1327 455 1394 erat,
477 1326 510 1376 nt
530 1319 568 1376 ed
587 1339 716 1377 caussam
729 1319 913 1379 'reddendam
936 1323 1116 1394 saepissume
1136 1317 1187 1378 ad·

62 1455 65 1458 .
140 1401 302 1476 biberetur,
323 1406 365 1461 ita
385 1412 531 1477 receptum
548 1399 669 1461 Graecis
689 1403 757 1477 suit,
779 1411 812 1460 ut
831 1404 957 1462 formula
979 1406 1077 1480 agnita
1098 1423 1184 1462 nemo

143 1485 304 1560 quidquam
332 1485 510 1546 desideraret
533 1505 565 1543 ec
587 1506 626 1544 ne
650 1488 754 1544 tacitus
777 1487 893 1560 quidem
916 1488 1080 1562 suppleret,
1108 1507 1184 1561 queo

143 1570 330 1644 cogitatione,
348 1576 381 1626 ut
401 1589 447 1626 res
466 1569 601 1644 intellegi
621 1577 732 1642 posset,
754 1573 917 1630 necessario
939 1573 1010 1630 olim
1029 1581 1112 1632 erent
1133 1569 1184 1630 ad-

144 1652 295 1712 snmeuda.
316 1679 319 1686 ⁴
337 1650 450 1710 Eodem
477 1650 564 1709 modo
595 1671 647 1726 ea,
677 1673 752 1725 qnae
780 1654 813 1710 in
839 1653 893 1712 illo
919 1653 1089 1714 Aristotelis
1116 1653 1183 1714 loco

143 1737 204 1794 iarn
234 1743 412 1808 sequuntur,
441 1733 515 1790 dicte
538 1741 622 1794 sunt:
653 1727 772 1818 διόπερ
801 1727 879 1798 οὐδὲ
901 1733 1043 1800 δίκαιον·
1073 1729 1184 1814 βίαιον

144 1811 237 1901 yo'tp„
268 1837 344 1890 quaa
372 1820 398 1875 si
417 1819 543 1890 primam
563 1819 706 1890 originem
727 1819 886 1890 particulae
907 1813 968 1899 γὰρ
990 1826 1116 1893 spectas,
1144 1821 1186 1876 ite

144 1901 210 1959 fere
234 1909 319 1958 erunt
343 1899 506 1958 reddenda:
538 1901 629 1969 Ωεοαοα
656 1900 688 1958 ολ
714 1919 774 1958 rem
795 1919 830 1958 oc
850 1904 954 1959 instauro
977 1901 1187 1977 opsideremus

145 1984 322 2044 dominatum
350 1988 381 2042 iu
408 1987 542 2052 seruos):
577 1983 727 2042 uiolentam
756 1991 828 2042 certe
847 1983 929 2042 robus
950 1987 992 2042 itu
1015 1987 1187 2060 comparetis

145 2087 214 2138 esse,
235 2075 267 2124 nt
287 2067 441 2141 suppleas:
462 2071 550 2143 iqitur
567 2085 602 2124 ue
618 2070 722 2123 iustum
744 2067 855 2142 quidem
875 2085 942 2126 case.
984 2064 1054 2126 Nou
1071 2086 1185 2142 vereor,

71 2177 74 2184 Δ
143 2170 181 2217 ne
203 2153 271 2223 quis
289 2170 534 2225 supervacaneam
556 2147 632 2208 hanc
651 2148 803 2224 deprime
822 2155 923 2208 natura
942 2150 1100 2224 particulae
1121 2145 1185 2234 peip

143 2235 344 2309 quaestionem
372 2244 441 2294 esse
465 2234 556 2292 dicat:
586 2253 684 2305 neque
705 2235 784 2292 enim
804 2252 858 2307 per
881 2253 912 2292 se
929 2235 1034 2293 inutile
1057 2242 1100 2292 est
1118 2253 1185 2294 ver-

142 2319 252 2392 borum·
265 2339 326 2376 non
342 2319 434 2376 solum
450 2317 688 2392 significationes,
712 2337 813 2376 verum
828 2318 915 2375 etiem
928 2337 1042 2378 caussas
1054 2319 1184 2394 cognitas

141 2399 251 2460 habere
277 2409 307 2460 et
331 2402 441 2477 singuli
461 2402 517 2460 loci
537 2401 675 2476 permulti
696 2399 844 2460 commode
857 2401 999 2476 ,intellegi
1022 2422 1082 2460 non
1101 2408 1186 2475 pote·
1230 2391 1239 2401 ”

142 2491 227 2560 runt,
255 2477 315 2546 nisi
336 2489 461 2560 primam
482 2488 544 2543 vim
564 2484 723 2557 particulae
745 2479 809 2566 γὰρ
832 2483 983 2556 explorate
1006 2486 1185 2557 perceperis,

143 2589 203 2643 qua
231 2566 267 2627 de
282 2589 328 2627 ,re
351 2571 393 2627 ita
414 2568 489 2626 dixit
512 2570 571 2625 iam
591 2565 794 2640 Hartnngins,
822 2575 934 2623 utnon
956 2568 1061 2638 opiner
1084 2586 1186 2639 qnem-

53 2703 62 2713 ,
143 2672 232 2726 quam
261 2671 327 2711 esse
354 2672 419 2709 cum
448 2671 484 2709 eo
513 2653 546 2707 in
564 2648 630 2706 loeo
656 2668 688 2706 re
717 2648 927 2706 dissensurnm.
973 2645 1079 2720 Neque
1106 2649 1187 2706 enim

142 2733 216 2793 haec
241 2735 408 2808 explicandi
428 2735 503 2790 ratio
515 2735 593 2806 eins
608 2730 767 2802 particulae
789 2736 834 2788 cst
854 2729 942 2802 plane
960 2750 1052 2804 nove,
1080 2729 1133 2790 sed
1153 2732 1186 2792 iu

145 2817 321 2891 quibusdam
356 2816 428 2872 loeis
459 2835 537 2872 cum·
555 2819 669 2872 veteres
703 2821 763 2878 tum
797 2814 973 2873 recentiores
1007 2816 1185 2886 grammatici
1201 2826 1259 2903 Γὰρ
1275 2849 1322 2898 p„

143 2919 246 2959 veram
269 2898 427 2973 particulae
447 2899 509 2957 vim
530 2896 722 2970 iampridem
743 2904 940 2974 agnoverunt,
966 2896 1056 2956 veluti
1076 2899 1109 2956 in
1130 2898 1184 2958 illo
1225 2889 1288 2974 ἆρα.

143 2974 209 3041 loco
234 2979 443 3056 Aristophanis
464 2981 637 3040 Acloosucus.
662 3000 690 3040 v.
713 2985 752 3039 68
774 2999 861 3055 sqq,
890 2981 941 3042 ubi
967 2988 1121 3060 postquam
1141 2983 1231 3066 leals,
1249 3012 1283 3067 ⁵2
1300 3027 1338 3080 ,ψ

142 3073 239 3142 gatus
251 3066 343 3124 dixit:
360 3091 379 3142 r·
665 3087 670 3096 ¹
791 3065 793 3070 ’
874 3099 877 3106 ·

155 3191 157 3200 ’
257 3188 259 3192 “
338 3172 407 3229 ’Καὶ
430 3175 490 3245 δῆτ’
510 3172 700 3248 ἐτρυχόμεσθα
717 3174 793 3252 παρὰ
812 3172 970 3252 Καΰστριον

206 3253 214 3262 ’
307 3305 311 3308 ,
349 3245 449 3299 πεδίον
468 3242 695 3306 ὁδοιπλανοῦντες
712 3247 901 3314 ἐσκηνημένοι,

245 3347 248 3356 ·
348 3311 395 3398 ἐφ’
416 3312 590 3397 ἁρμαμαξῶν
605 3317 757 3384 μαλθακῶς
774 3319 977 3388 κατακείμενοι,

236 3445 239 3452 λ
288 3439 321 3451 ,Ι
349 3383 546 3451 απολλυμενοο.
595 3409 601 3418 ·

140 3503 197 3568 hoc
215 3502 311 3568 reddit
330 3499 538 3592 Dicaeopolisr

482 3609 486 3614 ⁵
533 3622 652 3697 Σφόδρα
668 3625 723 3700 ctio
743 3625 881 3700 ἐσωζόμην
898 3627 952 3699 ομ)
977 3655 980 3666 =

296 3755 299 3760 ,
318 3695 394 3774 ,παρὰ
412 3693 460 3764 τὴν
478 3694 590 3756 ἔπαλξιν
607 3695 638 3748 ἐν
658 3697 770 3770 φορυτῷ
786 3703 1000 3767 κατακείμενος,

67 3863 97 3875 ⁴-
140 3822 181 3884 ad
202 3843 289 3898 quem
309 3823 404 3880 locum
425 3822 466 3878 ita
487 3821 697 3876 commentatus
717 3822 760 3874 est
780 3825 866 3876 vetus
887 3816 1057 3874 scholiasta:
1080 3811 1183 3899 σφό-

142 3905 230 3992 ὁρα
259 3901 345 3988 γὰρ
369 3894 634 3981 ἐσωζόμην·
672 3890 727 3958 Ἕκ
746 3898 805 3960 τοῦ
827 3892 975 3960 ἐναντίου
997 3887 1183 3997 ἀπήντησεν

142 3981 347 4070 ἄγανακπῦν.
379 3978 411 4048 ελ
441 3981 504 4069 γὰρ
533 3977 630 4060 ὑμεῖς
659 3971 858 4046 ἀπόλλυσθε
890 3973 976 4042 οὕτω
1005 3976 1182 4061 διαγοντος,

141 4064 315 4156 ἐσωζόμην
337 4060 402 4153 ἄρα
424 4063 487 4148 ἐγὼ
507 4058 789 4154 πολιορκούμενος
810 4056 876 4138 ὑπό
893 4059 1182 4148 Λακεδαιμονίων,
