2922 4592
290 255 366 346 446
749 228 875 340 δῆτα.

430 415 540 476 Οὔκουν
557 432 588 474 σε
604 415 672 503 «irim
689 415 773 470 ταῦτα
791 411 884 471 δεινόν
901 413 958 473 ἐστι
973 421 1186 493 πρωκτοτηρεῖν,

347 559 351 564 ¹
427 491 537 544 παῦσαί
551 505 578 541 τε
595 504 658 546 τους
673 487 855 553 βινουμένους
860 507 870 550 ‚·
994 494 997 502 ’

141 591 262 682 otnavg·
289 609 367 672 Nam
392 608 470 686 quod
498 607 679 666 interiectum
699 613 745 669 est
765 610 927 679 pronomen
947 604 1112 679 encliticam
1134 601 1186 681 σε’,
1207 605 1240 665 id
1260 627 1320 666 our·

118 665 196 787 ‘ligi’
217 684 268 720 ‘'v''
290 714 355 758 sum
376 691 459 773 δῆτα
479 689 635 764 particulae
656 689 735 747 nullo
758 689 844 746 modo
866 696 960 762 potest
985 689 1147 762 impedire,
1172 697 1199 748 et
1220 691 1319 749 luben·

97 770 117 841 f
148 752 231 801 'm'
290 785 336 836 ter
362 773 446 857 δῆτα
474 773 510 831 ad
537 764 593 834 οὖν
614 772 782 846 particulam
804 771 1001 844 adhaerescit,
1032 791 1091 845 qua
1111 768 1148 828 de
1171 791 1204 832 re
1225 775 1320 832 conle-

249 851 256 858 ’
292 867 374 918 ratur
394 866 510 932 praeter
530 855 625 912 locum
648 848 736 927 supla
758 875 788 926 p.
801 857 874 912 444.
898 873 937 913 cx
950 851 1160 929 Aristophanis
1175 857 1319 932 Equitibus

221 937 248 963 '¹
289 963 319 1004 r.
341 946 413 1002 871.
434 939 561 998 adlatum
582 937 711 996 ciusdem
729 937 845 994 fabulae
866 957 895 996 v.
918 937 990 996 875.
1016 947 1019 956 '

429 1065 469 1122 Οὐ
487 1063 579 1119 δεινὸν
597 1055 647 1118 οὖν
665 1062 718 1131 οἶμ’
739 1059 862 1132 lupoldus
880 1065 1022 1118 τοσουτονὶ
1039 1059 1187 1131 δύνασθαι,

425 1135 495 1203 ἐμοῦ
513 1134 543 1186 δὲ
560 1129 599 1204 μὴ
617 1138 717 1204 μνείαν
736 1133 810 1202 ἔχειν
826 1129 901 1186 ὅσων
916 1135 1074 1196 πέπονθας

287 1254 458 1331 Respondet
484 1265 581 1313 autem
607 1242 665 1314 οὖν
686 1250 769 1336 δῆτα
792 1253 948 1327 particulae
970 1251 1006 1309 ad
1028 1253 1167 1310 amussim
1194 1256 1318 1326 particu-

129 1399 135 1404 .
286 1341 326 1400 lis
347 1329 404 1402 οὖν
425 1329 478 1421 δή,
499 1337 536 1395 do
559 1337 770 1408 quibns'supra
785 1357 815 1408 p.
832 1339 892 1393 418
905 1355 950 1408 sq.
965 1335 1071 1392 dictum
1088 1344 1146 1408 est,
1167 1338 1225 1396 uisi
1243 1339 1320 1412 quod
1361 1367 1363 1370 ¹

37 1477 45 1487 ,
287 1423 407 1483 adaucta
427 1429 470 1478 ssi
492 1423 535 1478 ris
558 1420 643 1482 nnius
664 1414 885 1499 particulaerir}
907 1418 1016 1475 adiecta
1040 1419 1226 1492 dissyllaba.

191 1497 194 1501 ⁸
370 1502 508 1575 Denique
537 1503 626 1560 etiam
646 1502 677 1558 iu
701 1500 844 1558 indirecta.
864 1501 1089 1572 interrogatione
1117 1494 1200 1582 δῆτα
1219 1503 1320 1560 eodem

285 1584 372 1646 modo
397 1585 501 1644 locum·
519 1582 619 1654 habet,
647 1583 738 1643 veluti
765 1583 799 1642 in
820 1579 1030 1658 Aristophanis
1052 1582 1119 1657 loco
1149 1584 1186 1643 de
1206 1587 1321 1646 Actur-

285 1669 416 1728 semibus
433 1668 464 1728 r.
488 1670 562 1727 796.

495 1792 575 1868 Ὁρᾷς
591 1789 658 1848 ὅσον
674 1809 726 1866 περ
745 1791 813 1861 δῆτα
830 1794 909 1871 τοῦτο
929 1793 1073 1866 κερδανεῖς
1080 1817 1089 1858 ;
1132 1862 1136 1866 .
1176 1787 1184 1802 '

14 1917 20 1924 “
95 1901 172 1993 Ἤδη
191 1907 268 1991 ‘lifts
369 1914 430 1976 lam
452 1913 626 1975 anitolius
649 1921 738 1973 restat
758 1914 816 1972 nisi
837 1921 869 1971 ut
889 1899 1070 1990 significem,
1090 1917 1146 1974 etsi
1160 1913 1244 1999 δῆτα
1259 1939 1320 1978 non

103 1977 269 2098 ‘mmm
285 2003 381 2059 miuus
413 2020 500 2072 quana
535 1993 574 2080 δὴ
607 2019 624 2055 a
663 1997 804 2072 particula
835 1987 898 2079 ἤδη
932 1997 1047 2055 ductum
1076 2005 1158 2056 esse‘
1177 2000 1319 2078 videatur,

111 2055 139 2099 ω
231 2062 256 2096 ⁸⁶
286 2092 382 2142 tamen
403 2103 463 2141 nou
486 2102 552 2140 raro
575 2077 627 2138 has
649 2099 749 2138 omnes
770 2082 924 2154 particulas
944 2081 980 2138 ab
997 2081 1097 2138 eadem
1115 2079 1319 2144 radiceductas

285 2169 450 2224 coniunctas
473 2163 576 2223 haberi
597 2166 629 2220 in
653 2160 818 2220 Atticorum
838 2165 970 2239 scriptis,
999 2163 1075 2237 quod
1103 2165 1230 2223 eiusdem
1251 2189 1319 2240 par·

284 2250 390 2307 ticrrlae
412 2249 505 2308 forma
527 2247 585 2305 alia
608 2247 746 2303 aliorsum
766 2244 862 2303 faciat.
905 2243 956 2305 Sic
983 2247 1088 2306 dicitnr
1108 2249 1141 2305 in
1161 2246 1319 2324 Sophoclis

286 2333 393 2406 Oedipo
413 2349 476 2405 νορο
499 2349 529 2388 v.
554 2331 625 2387 557.
649 2328 694 2387 ed.
715 2326 819 2387 Herm.
952 2332 955 2336 '

448 2452 545 2539 ζΙόσον
561 2454 607 2510 τιν’
630 2451 680 2523 ἤδη
699 2455 758 2524 δῆθ’
779 2453 793 2509 ὁ
811 2452 901 2516 Λάϊος
913 2453 1020 2541 χρόνον
1036 2486 1072 2498 -

382 2570 389 2579 .
448 2543 572 2596 αφανιος
592 2526 664 2598 ἔρρει
680 2528 829 2593 θανασίμῳ
842 2542 1012 2596 χειρωματι;

281 2651 311 2706 et
330 2645 389 2706 alio
410 2645 535 2722 quodam
556 2643 640 2705 modo
660 2647 694 2704 in
715 2643 927 2720 Aristophanis
948 2650 1022 2704 Pucc
1043 2667 1072 2705 v.
1092 2651 1164 2706 929.
1244 2618 1247 2622 ι

403 2815 406 2825 .
492 2778 538 2844 Τῷ
555 2771 588 2842 δὴ
607 2773 686 2830 δοκεῖ
701 2789 743 2829 σοι
762 2773 829 2842 δῆτα
848 2775 902 2827 τῶν
919 2775 1041 2839 totunm

99 2875 181 2993 “iffi“
195 2891 254 2993 Wi
364 2893 413 2954 De
445 2895 633 2954 collocatione
662 2903 759 2954 autem
784 2897 944 2969 particulas
971 2893 1054 2977 δῆτα
1075 2899 1130 2955 vix
1158 2901 1321 2974 quidquam

129 2959 265 3063 lualid?-
281 2976 478 3037 adnotandum
497 2977 622 3036 videtur.
674 2976 809 3050 Namque
835 2995 870 3036 ea
890 2980 1047 3053 particula,
1079 3000 1167 3052 quem
1198 2983 1234 3040 ad
1254 3007 1320 3044 mo-

267 3059 348 3117 ‘dum
370 3055 409 3142 δὴ
432 3060 589 3133 particula,
611 3058 689 3117 unde
712 3060 795 3118 ducta
817 3068 875 3134 est,
895 3065 1021 3135 primum
1042 3063 1137 3119 locum
1152 3072 1320 3128 sententiae

279 3161 421 3214 occupare
446 3162 506 3199 nou
526 3151 640 3215 potest,
671 3145 711 3200 sic
735 3145 800 3217 ipsa
822 3164 936 3218 quoque
958 3165 1016 3201 non
1036 3148 1157 3218 ponitur
1179 3149 1210 3208 io
1232 3155 1320 3224 prin-

238 3221 246 3242 '
280 3227 356 3298 cipio
379 3227 556 3298 sententiae,
587 3227 734 3300 igiturne
755 3243 858 3284 versus
880 3226 1006 3300 quidem.
1049 3226 1234 3306 Quamquam
1256 3256 1320 3292 non

280 3328 316 3366 eo
350 3307 486 3366 debemus
515 3308 671 3382 procedere
700 3311 733 3365 in
759 3307 813 3365 hac
840 3328 958 3381 caussam
997 3332 1055 3382 quo
1077 3312 1255 3384 progressus
1271 3326 1320 3376 est

279 3381 315 3448 P.
337 3389 511 3464 Elmsleins‚
535 3393 637 3464 quiin
660 3387 817 3463 Sophoclis
837 3394 925 3450 Aiucc
946 3412 973 3452 v.
996 3397 1057 3452 964
1067 3413 1112 3466 sq.
1143 3395 1189 3454 ed.
1210 3395 1321 3458 Herus.

279 3476 398 3548 negavit
419 3485 494 3532 recte
515 3475 654 3546 scriptum
676 3492 756 3531 csse:

691 3625 698 3646 ν
732 3661 739 3679 ‚
781 3597 839 3668 Οὐχ
857 3597 924 3656 ὅσον
941 3598 1025 3672 τάχος

552 3665 607 3733 δῆτ’
626 3665 711 3722 αὐτὸν
725 3663 802 3728 ἄξεις
817 3671 899 3741 δεῦρο
917 3671 972 3724 tesi.

279 3786 335 3846 cat
366 3793 455 3846 recta·
473 3787 622 3856 oblocutus
652 3796 693 3846 est
724 3786 764 3847 G.
790 3786 977 3848 llcrrnannus
1004 3813 1034 3865 p.
1057 3795 1129 3850 143.
1172 3791 1216 3853 lbi
1236 3801 1326 3858 enim

278 3871 320 3926 ita
340 3870 494 3928 consociati
515 3873 582 3928 sunl
603 3870 659 3928 duo
681 3881 848 3946 versusrut
870 3895 957 3930 unam
969 3873 1145 3936 'senitentiam
1158 3875 1327 3955 efficerent,

278 3953 311 4008 in
337 3973 471 4026 quasso
492 3952 556 4012 loco
576 3953 713 4012 collocata
737 3963 780 4014 est
802 3951 884 4035 δῆτα
906 3959 1057 4029 particula.
1252 3963 1258 3970 “
