2922 4586
459 233 527 346 γέ,
557 259 606 346 γέ
631 285 724 351 τοι.
756 266 875 354 γοῦν.
1122 268 1188 338 335

146 443 235 516 atqua
256 436 290 498 ia
310 409 412 496 endem
432 431 581 506 fabular.
604 435 678 495 400.

673 543 715 600 Σὺ
733 547 768 600 δέ
782 563 816 617 γε
832 545 867 615 νὴ
883 551 937 601 Ata

351 617 406 687 cipri
420 611 508 682 ταῦθ’,
528 612 565 670 ἵν’
586 613 698 690 ἀριστᾷς
716 633 745 670 τε
763 620 811 669 καὶ
827 619 902 691 ιιινῇς
918 613 985 687 ἅμα.

150 723 249 808 Quom
281 743 350 784 vero
382 722 504 782 eaedem
530 722 687 797 particulae
716 724 820 782 etiam‘
834 724 868 781 in
895 723 1098 796 adsumptione
1124 725 1187 784 sire

148 810 345 888 propositione
369 809 482 867 minore
508 815 610 865 natura
632 827 684 864 sua
706 809 823 882 saepius
844 815 1073 882 usurparentur,
1098 807 1188 866 vstnti

147 897 174 956 si
207 893 330 952 dicitur:
359 884 402 953 Ei
434 882 543 976 ἡμέρα
575 885 665 966 ἔστί,
698 896 771 974 φῶς
802 885 912 955 ἐστιν·
944 883 1053 976 ἡμέρα
1085 885 1123 952 δέ
1154 887 1190 969 γέ

146 973 234 1042 ἔστιν
264 967 347 1045 uzi„
377 995 395 1032 a
416 971 521 1034 Stoicis
544 967 795 1059 προσληπτιναί
816 975 981 1052 appellatae
1003 995 1068 1038 esse
1090 975 1189 1034 dicun.

145 1076 210 1137 tur,
239 1059 275 1118 cs.
301 1057 447 1128 Apollon.
475 1061 507 1117 in
525 1055 662 1118 Bckkeri
682 1061 834 1121 Aneodutis
852 1081 883 1136 p.
905 1063 983 1135 518,
1004 1065 1033 1119 6.
1059 1071 1088 1122 et
1113 1077 1189 1139 qnae
1220 1073 1227 1084 “

142 1142 183 1210 L.
205 1143 377 1204 Dindorfius
404 1143 437 1200 in
461 1141 502 1202 Η.
530 1139 676 1219 Stephani
701 1143 845 1205 Ἠιοοοιινο
870 1147 921 1203 Gr.
942 1145 1009 1222 hiup.
1035 1143 1109 1206 Vct.
1130 1145 1187 1207 ΙΙΙ.

141 1257 173 1312 p.
194 1234 265 1296 927.
288 1225 320 1286 G.
342 1224 384 1289 D.
406 1225 589 1306 Hartungius
611 1228 670 1290 voi.
692 1226 717 1289 1.
740 1249 769 1304 p.
793 1233 865 1288 382.
886 1237 917 1289 et
936 1249 967 1304 p.
988 1233 1061 1290 400.
1082 1231 1120 1291 de
1140 1230 1188 1291 his

140 1313 292 1394 particulis
314 1320 520 1386 exposuerunt.
696 1319 700 1324 '
954 1307 963 1322 ⁸

226 1398 323 1480 Quem
345 1396 380 1454 ad
401 1395 519 1460 modum
543 1395 703 1471 particulae
726 1389 765 1460 δέ
779 1415 834 1478 γε,
857 1397 899 1456 sic
921 1397 1007 1456 etism
1027 1397 1186 1472 partiendas
1203 1397 1269 1450 Mdv
1284 1413 1327 1466 ντ-

140 1477 203 1564 piu
221 1504 257 1562 με
286 1501 373 1554 saepe
398 1501 518 1540 numero
540 1483 708 1542 coniunctae
728 1482 770 1539 ita
792 1488 875 1556 sunt,
906 1487 940 1538 nt
957 1477 994 1562 μὲ
1014 1489 1110 1542 tamen
1131 1503 1187 1558 per

48 1560 57 1570 ’
143 1588 177 1627 se
197 1561 277 1624 nihii
292 1565 378 1622 saciat
400 1562 435 1622 ad
458 1560 518 1643 μὲν
532 1565 714 1642 particulam,
736 1563 786 1624 sed
798 1571 908 1640 spectet
922 1566 1018 1640 potius
1033 1567 1069 1626 ad
1084 1587 1185 1628 rorem

143 1648 370 1720 antecedentem,
390 1649 422 1705 in
444 1667 502 1720 qua
522 1650 662 1722 particula
679 1645 739 1726 μὲν
756 1651 820 1724 ipsa
836 1668 952 1723 quoque
966 1651 1077 1708 nititur.
1123 1649 1185 1710 Ex·

142 1735 239 1809 posuit
261 1731 315 1790 hac
335 1729 371 1788 de
393 1751 424 1788 re
444 1731 503 1788 iam
523 1731 594 1788 olim
609 1730 646 1794 G.
659 1729 847 1791 Hermaunns
861 1733 896 1789 nd
910 1729 1056 1807 Vigernm
1069 1755 1098 1808 p.
1111 1739 1183 1794 827.

142 1817 190 1878 ed.
214 1824 297 1890 tert,
324 1814 375 1888 qui
402 1811 473 1872 haec
501 1816 598 1890 posuit
626 1815 799 1890 exemptae
824 1815 953 1872 Nuhihns
974 1815 1184 1892 Aristophanis

142 1925 172 1963 r.
196 1903 278 1962 1084
298 1919 364 1979 sqq.

244 2015 302 2068 Καὶ
317 2013 377 2072 πῶς
394 2010 523 2075 <insulam
542 2005 614 2070 ὅστις
631 1999 652 2064 ὦ
668 2008 830 2082 ’ναίαχυντέ
844 2007 872 2063 σ’
892 2009 1040 2082 ἐξέθρεψα,

244 2074 447 2149 αἰσθανόμενός
464 2093 515 2133 σου
535 2075 625 2133 πάντα
647 2083 841 2152 τραυλίζοντος,
860 2073 875 2132 ὅ
895 2100 919 2132 τι
936 2085 1035 2148 νοοίης.
1121 2103 1126 2120 ·

144 2153 147 2162 '
235 2155 268 2205 .ιί
284 2153 339 2220 μέν
357 2167 389 2217 γε
407 2150 478 2214 βρῦν
494 2151 589 2211 εἴποις,
610 2148 664 2218 ἐγώ
683 2147 768 2218 γνοὺς
785 2144 821 2201 ἂν
839 2153 915 2202 πιεῖν
933 2147 1068 2218 ἐπέσχον·

240 2221 363 2291 μαμμᾶν
380 2215 412 2278 δί.
428 2216 464 2271 ἂν
480 2213 646 2284 attinentes,
664 2207 732 2288 ἧκόν
749 2231 793 2272 σοι
810 2221 906 2292 φέρων
924 2211 961 2272 ἃν
977 2213 1071 2293 ἄρτον.

138 2333 168 2388 et
188 2347 228 2386 ex
247 2326 350 2398 eadam
370 2323 472 2400 sabula
491 2345 521 2394 τ.
544 2329 624 2383 1172
648 2345 693 2402 sq.

314 2437 363 2499 Ὡς
379 2434 486 2510 ἥδομαί
501 2453 552 2494 σου
569 2441 665 2509 πρῶτα
685 2436 733 2507 τὴν
745 2435 849 2509 χροιὰν
864 2435 944 2492 idcir.

315 2511 367 2562 νῦν
384 2511 440 2578 μέν
458 2505 488 2576 γ’
508 2508 581 2562 ἰδεῖν
598 2503 625 2562 εἶ
639 2509 750 2581 πρῶτον
768 2503 939 2580 ἐξαρνητικὸς
954 2505 1011 2561 arrd.

138 2608 229 2676 Adde
255 2608 435 2689 Thucydidis
462 2612 516 2671 tib.
536 2609 563 2670 l.
590 2633 653 2685 cap.
681 2615 733 2674 40.
765 2605 807 2674 Et
834 2608 872 2675 dc*
900 2605 963 2695 μή,
993 2602 1182 2677 τούναντίον

138 2692 197 2764 ἐπὶ
227 2688 363 2771 τούτους
388 2686 466 2774 μεθ’
496 2689 590 2780 ἡμῶν
616 2687 720 2756 ἰέναι·
758 2691 958 2776 Κορινθίοις
982 2689 1042 2771 μέν
1067 2715 1103 2776 γε
1133 2687 1183 2780 ἴν-

138 2774 280 2842 οιτονδοί
301 2775 384 2853 ἐστι,
407 2771 630 2860 Κερκυραίοις
651 2773 688 2838 δὲ
710 2767 845 2840 uideo?
863 2767 1183 2860 ἆνακωχῆςττώττοτε

138 2857 304 2941 ἐγένεσθε.
327 2872 354 2919 et
373 2857 582 2936 Aristophanis
599 2860 823 2925 ΑοῙιοιιιοιιοὶιιιιι
835 2880 864 2919 τ.
879 2861 938 2920 163
952 2881 1009 2938 asp,
1030 2863 1079 2921 uhi
1092 2881 1181 2940 quom

50 2943 52 2950 ’
137 2944 264 3028 dixisset
285 2941 435 3002 Theanus:

330 3058 387 3109 Καὶ
404 3058 457 3110 νῦν
470 3051 538 3126 ὅπερ
554 3049 751 3126 μαχιμώτατον
771 3055 888 3132 Θρᾳκῶν
904 3055 988 3120 ἔθνος

330 3123 458 3194 ἔπεμψεν
475 3120 543 3196 ὑμῖν
551 3162 563 3192 ,

132 3227 284 3306 respondit
307 3227 510 3307 Dicaeopolisr
919 3287 923 3294 ι

550 3345 636 3400 Τοῦτο
655 3347 711 3417 μέν
727 3343 758 3418 γ’
775 3339 827 3416 ἤδη
847 3327 952 3418 doute,

128 3447 239 3522 'quibas
262 3449 295 3506 in
318 3449 389 3508 locis
410 3470 499 3522 quem
524 3449 699 3510 admodum
722 3451 775 3510 eae
798 3450 957 3524 particulas
980 3448 1176 3510 enucleandae

132 3534 191 3590 siut
205 3541 335 3607 apparet.
372 3529 468 3596 Reddi
481 3531 550 3590 illae
564 3531 673 3592 Latius
686 3541 824 3607 poterunt
837 3551 907 3588 sone
921 3532 1039 3606 quidm.
1077 3529 1175 3614 Saepe

130 3613 180 3674 his
200 3618 350 3689 particulis
365 3613 471 3672 Graeci
493 3615 539 3670 usi
559 3625 625 3672 sunt
645 3619 678 3672 in
699 3633 801 3674 caussa
821 3615 944 3674 alicuius
958 3616 1003 3674 rei
1016 3614 1174 3692 reddenda,
1218 3687 1223 3694 ι

132 3701 237 3773 quihus
267 3703 300 3758 in
329 3701 401 3758 iocis
427 3697 491 3756 fere
517 3697 689 3769 interpretes
708 3693 769 3776 μὲν
789 3689 852 3780 γὰρ
873 3699 1087 3758 rescribendum
1109 3720 1173 3760 esse
1237 3759 1247 3781 Ι,

131 3792 316 3857 putaverunt.
366 3780 426 3841 Sed
459 3781 626 3839 rectissume
659 3779 714 3840 hoa
744 3781 823 3840 locos
855 3790 960 3842 tutatus
987 3790 1032 3842 est
1057 3790 1175 3856 praeter

131 3875 245 3927 ceteros
273 3865 329 3928 Ph.
351 3863 546 3926 Buttmanuus
573 3863 610 3922 ad
631 3860 839 3940 Demosthenis
867 3866 1031 3924 andimus
1056 3885 1087 3939 p.
1109 3868 1173 3970 46)

131 3953 183 4025 qui
204 3953 247 4009 ita
270 3952 443 4025 disputavit:
468 3950 538 4007 Gnns
558 3953 621 4026 puis
641 3968 697 4008 nno
718 3955 882 4024 orpnnssato
902 3947 948 4008 ost
968 3950 1094 4026 scmnpto
1115 3950 1173 4007 ols-

20 4049 22 4056 ’
131 4035 198 4110 qnid
218 4035 328 4111 prohat,
348 4043 437 4111 potest
457 4035 509 4094 hoc
522 4041 561 4098 ,ot
580 4031 726 4106 suspiciens
745 4031 872 4104 adsessor
893 4032 967 4110 quod
984 4029 1018 4106 pit
1030 4034 1172 4110 partiendo

131 4110 212 4201 peip:
233 4126 322 4196 potest
339 4123 424 4198 attans
439 4115 608 4196 aipntfirurn,
627 4118 712 4198 phora
726 4117 836 4198 qutun
846 4136 929 4198 possa
940 4116 1102 4208 ἆοοὶάοτοα,
1121 4119 1170 4179 sed
