2844 4596
557 284 657 368 ‚teat
1074 287 1138 354 iiii
1235 305 1238 315 '

841 385 846 408 ,
1212 384 1214 392 ,

96 451 217 522 τούτου
250 453 352 522 ἕνεκα
376 459 539 532 scripsisset
569 455 668 530 Plato,
701 464 795 514 tameo
824 465 902 516 recte
927 459 978 531 qui
1004 458 1138 531 sequitur

18 563 22 573 ‘
98 545 243 618 optativus
263 562 296 600 se
317 541 452 613 haberet,
483 559 578 614 neque
598 543 642 614 is,
668 543 719 612 qui
741 541 815 598 dicat
838 545 990 616 antiquum
1012 546 1137 620 spectari

97 637 228 700 tempus,
252 647 310 698 quo
336 627 372 682 ab
395 627 480 682 initio
503 625 634 682 instituta
656 626 725 682 sint.
769 623 844 682 Nam
869 624 905 682 de
928 629 1048 698 antiquo
1070 630 1136 700 qui·

98 711 165 768 dem
186 720 315 783 tempore
336 708 412 768 nihil
435 707 580 780 significat
600 707 649 766 tis
665 709 736 781 ipsis
758 711 854 766 verbis
876 707 977 782 Plato,
996 721 1025 770 et
1045 713 1070 776 si
1090 712 1136 768 vel

97 813 234 852 maxume
259 791 333 849 lsanc
357 793 581 873 explicationem
602 789 650 848 laic
676 793 757 850 locus
779 796 935 867 reciperet,
968 805 1062 850 tamen
1082 793 1136 854 hoo
1204 799 1206 802 ’

95 879 192 950 iprum
224 876 426 948 explicandum
454 887 547 947 esset,
581 894 669 946 quam
696 876 732 932 ob
760 895 823 934 rem
855 887 920 950 post
939 879 1136 950 praeteritum

23 992 25 996 v
96 973 208 1032 tempus
242 960 636 1032 optativus,couiuoctirus
663 968 729 1031 post
759 979 895 1032 praesens
928 963 959 1017 iu
989 963 1136 1026 sententia

95 1043 180 1100 finali
207 1053 408 1114 usurparetur.
459 1039 634 1100 Omittamus
662 1043 762 1115 igitur.
778 1041 849 1102 irasc
875 1043 967 1100 fulcra
996 1046 1136 1100 orationis

2 1187 10 1202 ‚
96 1128 192 1199 specie
214 1126 332 1198 quidem
353 1126 415 1183 reri
437 1126 560 1198 similia,
581 1147 612 1183 re
634 1133 729 1183 tamen
754 1128 819 1200 ipsa
840 1126 916 1184 falsa
938 1138 1024 1200 atque
1046 1128 1135 1184 inuti·

77 1210 136 1267 lia
158 1219 189 1268 et
207 1209 333 1265 dicamas
353 1208 402 1282 it,
431 1208 507 1280 qood
530 1229 577 1267 res
598 1218 627 1266 et
652 1212 725 1267 ratio
747 1210 811 1283 ipsa
836 1211 975 1282 requirit,
1008 1213 1135 1283 positum
1191 1270 1195 1278 ,

95 1313 159 1352 esse
192 1296 343 1366 propterea
375 1312 392 1348 a
424 1289 547 1349 Platone
580 1297 739 1366 optativum
773 1302 838 1366 post
870 1289 922 1354 ἵνα
954 1294 1134 1368 particulam,
1184 1323 1188 1330 v

96 1379 165 1449 qnia
193 1396 252 1432 non
278 1375 408 1432 absolute
434 1383 587 1448 eventum,
630 1378 681 1448 qui
712 1375 792 1434 illam
822 1380 965 1434 actionem
998 1387 1135 1450 sequetur

96 1461 158 1516 volt
184 1460 365 1532 describere,
395 1457 446 1516 sed
474 1466 582 1516 tantum
613 1458 698 1517 modo
716 1467 852 1517 'mentem
875 1479 988 1535 eorum,
1018 1463 1069 1533 qui
1094 1464 1135 1520 sic

93 1553 198 1614 egam,
220 1551 248 1599 et
270 1544 474 1615 cogitationem
495 1541 649 1616 designare
671 1541 775 1600 studet.
819 1541 922 1615 ltaque
944 1546 972 1603 si
996 1545 1053 1602 alia
1074 1545 1135 1602 fer·

96 1646 143 1682 rna
172 1626 312 1683 orationis
341 1628 382 1682 uti
408 1625 518 1698 placet,
549 1625 655 1684 Latiae
682 1627 724 1684 sic
751 1629 796 1684 rei
820 1626 975 1686 discrimen
997 1630 1135 1702 aperiun-

94 1710 163 1766 riom
187 1710 310 1767 videtum
355 1705 390 1765 Si
412 1709 548 1766 dicimus:
577 1703 633 1768 ἵνα
655 1743 694 1752 --
718 1703 987 1790 θεραπεύωνται,
1016 1723 1059 1770 est
1079 1709 1137 1770 hoo

94 1792 168 1849 niltil
190 1791 270 1849 uliud
289 1792 360 1848 uisis
381 1792 462 1866 quorl
483 1796 524 1848 aio
545 1799 571 1846 et
594 1810 696 1866 corpus
717 1797 743 1847 ct
763 1796 889 1848 onirrrum
910 1795 1062 1863 curabunt,
1089 1797 1135 1852 sin

94 1878 227 1950 ponimus
250 1877 422 1948 optativum:
449 1867 503 1934 ἵνα
526 1907 565 1919 -
589 1866 848 1954 θεραπεύοιντο,
871 1883 916 1932 eat
937 1875 992 1956 lroo
1012 1879 1054 1934 sio
1071 1877 1135 1935 sere

9 2021 12 2024 ,
95 1958 315 2016 declarandum:
335 1959 409 2033 quoti
428 1961 469 2013 sic
489 1964 514 2013 et
531 1975 633 2030 eorpus
651 1965 678 2013 et
696 1961 823 2014 animum
841 1964 968 2016 curaturi
984 1964 1050 2028 sint,
1070 1969 1134 2018 ants
1208 2019 1215 2027 ,

96 2043 168 2114 ‹rnorl
197 2047 238 2099 sic
268 2049 294 2098 et
322 2059 422 2116 corpus
445 2047 471 2098 et
500 2043 625 2097 antimum
652 2059 683 2098 sc
705 2047 853 2114 curaturos
873 2059 933 2098 naas
953 2047 1134 2102 eoiatuutont.

95 2123 258 2184 Consilium
286 2126 376 2200 igitur
404 2131 491 2194 atque
520 2131 660 2196 eventus,
688 2125 739 2197 qui
759 2123 910 2180 consilium
933 2124 1019 2184 (lebet
1037 2117 1134 2200 sequti,

80 2213 153 2268 'non
176 2207 308 2266 obsolute
331 2208 549 2281 pronuntietur,
570 2205 623 2268 secl
644 2214 756 2266 tantum
779 2207 865 2264 modo
885 2227 923 2265 ex
945 2211 1007 2267 eius
1026 2218 1134 2283 mente,

94 2289 148 2366 qui
162 2292 228 2358 ,volt
251 2292 399 2365 consequi.
440 2287 546 2362 Neque
570 2289 626 2348 alis
649 2309 747 2348 caussa
772 2300 816 2348 est
839 2289 895 2348 loci
916 2291 997 2350 illins
1018 2294 1135 2352 Aristo·

93 2375 218 2450 phauei,
248 2377 299 2450 qui
320 2393 412 2448 saepe
432 2381 586 2449 usurpatus
607 2381 649 2432 est
670 2394 688 2432 a
708 2376 922 2450 grammaticis,
951 2381 1082 2436 ettonis
1103 2397 1134 2435 r.
1194 2417 1196 2422 -
1246 2415 1254 2432 .

95 2467 133 2516 21
157 2480 223 2533 sqq.

259 2562 320 2656 Elp
340 2567 391 2655 οὐχ
409 2565 486 2652 ὕβρις
502 2571 566 2621 ταῦτ
569 2565 653 2621 ἐστὶ
670 2570 716 2620 καὶ
734 2571 819 2620 nollo
839 2563 943 2637 τρυρὴ,

260 2634 301 2690 ὅτ
316 2635 402 2720 lyei
402 2619 505 2689 αἰνῶν
522 2632 669 2702 Διόνυσος,
689 2633 731 2688 oli
718 2640 919 2720 ιςΣιιιμνίοα,

260 2701 341 2764 αὐτὸς
349 2685 460 2788 βαδιζω
478 2707 524 2756 καὶ
544 2706 637 2769 πονῶ,
658 2703 833 2758 romono*
821 2706 891 2772 οχῶ,

258 2775 305 2826 inu
319 2770 358 2844 μὴ
378 2775 576 2845 ταλαιπωροῖτο
595 2770 664 2843 μηδ’
685 2767 773 2840 ἄχθος
787 2775 892 2842 qepun,

96 2931 154 2986 quo
180 2905 216 2968 in
241 2910 305 2968 loco
333 2931 391 2968 nos
419 2910 529 2968 recte
519 2912 543 2968 ri
564 2911 755 2982 existumant,
787 2911 838 3010 qni
858 2849 959 2983 putarit
979 2916 1134 2986 propterea

3 3017 4 3044 t
96 2997 254 3068 optativum
282 2996 408 3069 positum
436 3014 515 3067 esse,
543 2990 636 3068 quod,
659 2983 747 3094 ὀχῶ,
777 2995 803 3050 si
824 2996 999 3057 sententiam
1023 3002 1134 3068 specta-

94 3087 174 3151 mn's,
214 3079 277 3136 tere
308 3077 385 3136 idem
418 3088 493 3136 esset
525 3075 616 3151 qnod·
657 3067 714 3138 int
747 3071 803 3137 aris
833 3069 908 3137 ὄνον
940 3067 1131 3178 oivaplr'pluou

93 3159 170 3226 Nam
205 3170 233 3218 et
259 3162 446 3261 praecedunt·
465 3161 520 3218 alia
548 3162 636 3219 verba
663 3149 763 3232 οὗτος
789 3154 914 3236 βαδίζω
942 3155 998 3221 soi
1024 3159 1132 3229 πονῶ,
1186 3228 1188 3232 ,
1232 3231 1235 3236 ¹

55 3240 58 3244 ’
95 3265 251 3318 quaecum
273 3244 394 3302 eanrlem
416 3247 476 3302 rim
498 3243 672 3302 adlinalem
694 3242 1135 3318 senteutiomltabeent,tamen
1187 3295 1192 3303 .

3 3351 4 3366 ν
93 3349 153 3386 non
175 3340 233 3384 tum
256 3328 342 3385 facile
368 3329 450 3386 istam
473 3329 697 3402 explicationem
719 3327 876 3398 recipiant,
906 3337 949 3399 et,
978 3327 1027 3398 id,
1059 3325 1136 3399 quod
1227 3322 1230 3332 ¹

95 3431 184 3485 supra
211 3411 268 3468 iam
291 3411 471 3485 significavi,
502 3410 577 3469 nillil
601 3411 745 3466 lucramur
767 3411 822 3467 ista
844 3411 907 3481 ipsa
930 3409 1135 3488 explicatione,

93 3495 233 3568 queniam
262 3502 358 3551 tamen
388 3498 460 3552 ratio
489 3494 648 3568 probabilis
670 3491 815 3550 reddenda
839 3493 893 3548 erit
914 3491 1055 3564 deniqne,
1085 3512 1136 3548 cur

92 3579 241 3650 optativus
269 3585 335 3648 post
362 3585 474 3650 tempus
498 3579 683 3650 praeteritum
709 3577 900 3647 potissumum
922 3586 1074 3646 usurpatus
1096 3577 1135 3632 sit

92 3663 127 3719 in
150 3661 294 3718 sententia
315 3658 407 3716 finali.
449 3657 554 3730 Neque
573 3661 651 3715 enim
673 3662 740 3715 satis
762 3657 817 3714 erit
836 3656 1016 3731 intellegenti
1036 3677 1133 3732 gram·

4 3733 5 3742 ἵ
92 3746 200 3802 matisc
223 3740 319 3800 dicere
344 3743 386 3799 sic
406 3741 512 3798 sactum
536 3735 623 3813 utque
643 3740 772 3798 habitum
794 3759 857 3797 esse
879 3760 895 3795 a
918 3737 1038 3798 Graecis
1061 3743 1133 3813 quin

92 3825 230 3886 idoneum
254 3828 295 3882 rei
319 3826 462 3882 rationem
483 3823 604 3882 adferat.
637 3822 709 3880 Alia
731 3823 826 3896 potins
856 3842 957 3880 caussa
982 3827 1025 3881 es't
1046 3843 1133 3896 quam

5 3943 6 3979 1
95 3910 217 3967 obrem
240 3925 300 3966 non
324 3910 537 3967 coniunctivum
558 3897 688 3981 posuerit
703 3916 804 3979 poeta,
827 3903 878 3961 sed
891 3907 1050 3979 optativum
1068 3915 1133 3980 post

94 4013 235 4068 praesens
251 3993 386 4052 sertum.
427 3989 582 4068 Dionysus
605 3989 682 4048 enim
703 3991 735 4047 iu
755 3989 897 4046 sententia
919 3988 1020 4048 finalis

277 4133 337 4189 Ἵνα
353 4138 392 4206 μὴ
409 4139 604 4208 ταλαιπωροῖτο
620 4133 688 4206 μηδ’
708 4128 910 4205 lepusculos,
1060 4163 1064 4170 ·
1169 4160 1177 4169 '
