2844 4596
287 447 386 522 gisem
415 467 448 505 ac
478 431 577 505 velam
602 435 688 502 rim
685 450 725 502 et
752 449 924 518 potestatem
952 443 1031 502 vocis
1053 436 1227 518 spectamus,
1253 463 1304 501 noo

287 550 374 606 posse
395 531 473 596 atio,
497 528 602 586 referri
635 529 695 586 niai
729 527 764 586 ad
796 529 919 586 verbnm
950 521 1083 590 εἰδέναι
1125 526 1306 586 observasse
1393 531 1394 596 J

249 631 255 640 “
288 617 368 673 enim
390 612 473 670 milri
483 612 586 671 uideor
605 611 705 684 plnres
723 609 853 678 Graecae
864 612 983 684 linguae
1002 603 1158 684 particulas
1179 611 1215 668 ad
1230 613 1306 668 verba

285 696 458 756 ‘referendas
480 715 560 767 esse,
583 715 671 794 qnam
674 695 781 796 volgo
795 693 881 753 video
899 695 976 752 fieri.
1018 691 1053 752 ln
1071 695 1137 751 aliis
1149 701 1245 772 autern
1259 693 1307 751 lucc

209 825 214 832 ,
289 783 382 882 magis
415 787 526 852 exstat,
555 786 586 834 nt
613 780 645 835 in
667 800 686 860 ιι
674 766 847 852 particula
868 787 897 836 et
918 797 993 852 qnae
1015 797 1107 836 emec
1130 763 1199 834 olata
1220 785 1257 836 eat
1275 770 1307 858 ἢ,

289 866 321 922 in
351 861 416 922 aliia
444 865 541 919 minna
570 871 707 936 apparet,
732 864 779 922 nti
806 864 839 919 in
868 859 921 918 llac
949 861 1086 933 particula
1109 851 1172 942 ήδη
1198 869 1223 917 et
1242 881 1309 933 quae

221 947 228 956 ’
288 946 358 1006 inde
383 948 482 1004 ductae
513 954 580 1003 sunt
608 939 647 1026 dr}
678 954 706 1002 et
737 942 782 1008 δέ.
826 943 867 1004 Ut
895 955 990 1002 antem
1018 942 1070 1000 has
1100 945 1247 1016 particulas
1277 944 1309 1000 ad

191 1079 194 1083 .
288 1032 370 1090 illam
387 1033 529 1103 originem
543 1049 685 1102 revocem,
706 1049 753 1086 me
768 1035 867 1087 movet
887 1049 950 1085 cnm
972 1029 1036 1100 ipsa
1057 1027 1152 1084 forme
1171 1026 1257 1084 illins
1253 1048 1308 1084 ro·

289 1116 330 1171 cis
366 1114 597 1186 antiquissima,
629 1133 704 1186 qnae
736 1121 780 1170 eat
794 1103 893 1194 ἤδη,
927 1119 987 1167 tum
1019 1111 1106 1169 etiam
1138 1111 1309 1184 significatio.

211 1267 214 1276 ι
284 1195 365 1256 Nam
390 1217 482 1269 ¹quom
510 1215 545 1253 ea
574 1196 731 1294 particula,
758 1197 801 1252 ati
830 1205 905 1252 recte
930 1197 989 1251 iem
1008 1201 1121 1251 vetares
1147 1191 1310 1265 grammatici

284 1279 446 1368 ridenrnt,
478 1278 628 1337 definitam
658 1280 726 1338 certi
756 1280 893 1336 alicuine
913 1278 1051 1351 temporis
1072 1277 1310 1350 significationem

289 1385 348 1421 non
351 1346 519 1435 habeat,
528 1383 614 1434 qnam
641 1360 748 1419 habent
767 1363 852 1420 verbi
875 1380 975 1418 caussa
993 1361 1134 1418 ¹vocabola
1156 1358 1223 1429 νῦν,
1249 1355 1310 1422 ard-

288 1444 362 1515 Ιλιιι,
391 1439 481 1513 τότε,
502 1446 653 1503 referatur
673 1454 768 1502 antem
789 1445 825 1502 ad
850 1447 947 1502 onrnia
969 1445 1024 1501 tria
1046 1444 1192 1516 tempora,
1213 1453 1244 1500 nt
1261 1445 1310 1502 illa

251 1561 254 1567 ι
285 1529 325 1586 'de
348 1527 394 1585 his
418 1526 559 1603 singulis,
580 1530 676 1601 prouti
697 1537 879 1602 comparatus
900 1537 975 1585 totns
996 1527 1076 1586 locna
1096 1535 1158 1601 est,
1179 1526 1311 1602 adfirmet,

288 1612 374 1669 facile
402 1611 583 1683 intellegitur
609 1615 694 1668 istam
716 1613 884 1685 particulam
909 1611 1020 1668 nnllam
1041 1613 1161 1668 omnino
1183 1632 1234 1684 per
1254 1631 1312 1670 sese

290 1696 427 1768 temporis
459 1695 702 1772 significationem
734 1693 859 1767 habere,
897 1693 947 1753 scd
978 1701 1091 1752 tantum
1123 1694 1208 1752 modo
1238 1715 1315 1766 eam,

286 1799 378 1852 qnam
403 1798 490 1851 snpra
517 1799 546 1852 p.
575 1782 644 1836 397.
674 1777 756 1852 dixi,
783 1778 971 1852 temporalem
996 1777 1232 1840 adfirmationam·
1274 1777 1318 1835 lla

155 1921 158 1928 ,
227 1933 235 1938 q
263 1919 266 1922 .
289 1873 384 1920 antem
410 1871 476 1919 nata
503 1871 547 1920 est
573 1881 612 1920 ex
612 1861 726 1919 verbo
755 1857 830 1944 idq,
853 1869 890 1918 nt
916 1859 1000 1920 hoc
991 1882 1048 1920 ram
1071 1861 1212 1936 significet
1230 1864 1319 1934 parti·

128 1947 131 1952 ’
178 1943 188 2022 'J
229 2000 236 2032 u
288 1937 439 2028 ιιιΙιῆὄιι
462 1944 956 2018 enm,anloqn1tnr,deea
978 1965 1028 2019 re,
1035 1943 1086 2003 da
1107 1965 1179 2018 qna
1203 1965 1321 2002 sermo

288 2038 361 2100 eat,
390 2029 497 2100 qnns'i
527 2031 595 2085 iarn
625 2030 705 2102 ipso
734 2029 833 2086 facto
859 2030 1122 2104 cognovisset,
1142 2037 1317 2086 statuere.

119 2097 123 2103 Ι
164 2099 185 2160 ’.
209 2099 212 2108 ’
287 2109 379 2170 Ac
356 2131 380 2168 aa
402 2113 467 2184 qnia
488 2111 580 2185 dicat,
601 2111 632 2168 id
652 2113 746 2186 magia
766 2113 807 2170 ad·
822 2121 934 2185 tempus
954 2113 1153 2186 praeteritum,
1176 2131 1265 2184 ιιιιιιιιι
1282 2111 1314 2168 ad

287 2213 426 2266 praesens
453 2202 501 2252 ant
527 2196 612 2252 etiam
631 2193 759 2252 fntnrnm
781 2195 1059 2270 pertinere'videri‚
1089 2204 1164 2252 recte
1186 2195 1238 2252 ille
1258 2197 1319 2268 qui·

288 2277 355 2334 dem
376 2279 575 2351 ratiocinatur,
606 2279 632 2335 si
659 2279 780 2353 primam
802 2279 961 2352 particulae
985 2280 1126 2352 originem
1149 2293 1323 2352 spectamus,

285 2379 390 2424 ‘verum
421 2367 518 2418 tamen
536 2361 692 2462 possiumus
713 2364 800 2432 etiam
821 2363 857 2420 de
879 2382 911 2421 re
932 2363 1078 2435 praesenti
1099 2355 1148 2418 ant
1165 2362 1261 2418 futura
1281 2364 1327 2419 ita

271 2434 434 2517 'atatnere,
461 2446 545 2543 ιιιιιιιὶ
571 2446 630 2502 iam
660 2445 698 2504 ad
721 2445 826 2502 factam
857 2465 985 2503 caussam
1014 2446 1068 2502 ista
1095 2444 1252 2503 reserenda
1278 2449 1322 2502 sit.

286 2524 364 2585 Nam
391 2525 479 2585 hoc
471 2547 529 2584 rana
554 2547 639 2602 saepe
666 2526 729 2586 dico
760 2520 816 2609 διι
841 2530 1018 2586 materialem
1040 2528 1177 2602 temporis
1206 2529 1324 2604 signifi·

288 2612 429 2669 cntionem
448 2631 507 2668 non
529 2608 645 2684 habere,
664 2611 714 2669 sed
735 2550 774 2669 ad
794 2616 934 2670 actionem
955 2613 1110 2686 pertinere,
1130 2612 1165 2670 de
1188 2633 1250 2698 qna
1269 2615 1331 2670 inm

286 2715 365 2780 non
376 2689 553 2768 dubitamus,
583 2693 661 2766 qnod
691 2696 775 2770 qnasi
802 2696 866 2753 'dc'
858 2715 920 2769 apso
939 2696 1014 2753 sacto
1038 2695 1075 2754 de
1094 2714 1128 2754 ea
1149 2686 1249 2757 nobis
1260 2717 1333 2769 per-

287 2771 405 2836 anaanrir
427 2789 478 2836 est.
521 2775 624 2852 ltaque
645 2780 670 2836 ai
693 2779 772 2836 dic'o.
792 2769 932 2852 Ἐκεῖνος
950 2779 1047 2840 τοῦτο
1066 2772 1223 2860 εἰιοίισεν
1246 2774 1335 2863 ιόιι,

271 2863 406 2934 ‚proprie
426 2859 482 2919 hoc
503 2859 591 2919 dicor
619 2861 673 2918 Ille
697 2861 749 2919 lcoc
770 2861 855 2934 facit:
881 2867 954 2920 noni.
948 2905 970 2932 .,
995 2882 1060 2934 nna
1086 2881 1155 2919 roae
1183 2829 1339 2937 deniqne,

257 2992 261 3000 ,
279 2946 313 3002 ai
341 2964 404 3002 rem
427 2946 583 3018 coniungas
606 2943 682 3000 nihil
703 2943 809 3003 dicitnr
829 2945 907 3003 aliud
930 2947 988 3004 nisi
1010 2945 1078 3002 lucc-t
1106 2945 1160 3001 illc
1181 2945 1237 3002 ltoc
1261 2947 1341 3018 fecit

286 3030 369 3084 iant.
381 3025 478 3085 Ηοι
498 3037 565 3086 ,tum
593 3026 729 3085 eodem
719 3048 785 3086 rnre
810 3031 896 3086 etiam
923 3028 975 3087 ad
981 3048 1119 3103 praesens
1140 3027 1254 3086 referri
1279 3051 1342 3102 po-

286 3111 368 3180 terit,
398 3119 429 3167 nt
451 3112 476 3167 ai
499 3103 606 3167 dicamc
628 3102 769 3182 Ἐκεῖνος
790 3112 886 3173 τοῦτο
906 3113 1000 3174 ποιεῖ
1020 3105 1100 3194 ἤδη,
1124 3113 1252 3184 proprie
1278 3111 1345 3171 hoc
1393 3137 1394 3176 ι

267 3190 395 3248 ’ἀὶιιιιιι
424 3193 476 3250 illc
493 3194 544 3250 lcoc
561 3193 651 3265 fucit:
679 3197 770 3263 noni„
793 3194 841 3251 vel
859 3196 1008 3252 coniuncte
1027 3196 1051 3252 si
1070 3196 1251 3267 pronuntio·
1281 3198 1346 3254 Ille
1393 3177 1394 3272 l

285 3275 336 3332 loca
356 3276 457 3377 fucit'
448 3295 545 3345 rann,
573 3283 628 3333 aut
651 3277 739 3332 etiarn
767 3276 802 3335 ad
822 3277 951 3353 futurum
971 3279 1105 3338 retertur.
1148 3275 1283 3336 Etenim
1316 3283 1349 3339 si
1393 3273 1394 3356 l

284 3357 363 3419 dico:
382 3351 523 3436 Ἐκεῖνος
543 3379 641 3422 ronco
663 3350 841 3442 ιιιιιήσειιι
827 3353 893 3442 ”dp
901 3383 995 3436 ,qno
1017 3361 1102 3418 modo
1108 3365 1254 3434 proprie
1280 3360 1350 3421 hoc
1393 3371 1394 3442 f

284 3441 364 3498 dico:
382 3444 435 3500 lllc
456 3443 507 3500 lton
527 3443 630 3514 societ:
653 3445 743 3510 uoci,
766 3382 841 3501 Ιιοοη
840 3444 966 3518 deniqne
988 3443 1063 3502 nihil
1081 3424 1160 3500 alind
1181 3454 1231 3502 est
1254 3449 1351 3506 nisi:
1393 3469 1394 3476 ¹

283 3526 336 3606 Ille
360 3526 411 3584 icoc
431 3528 547 3599 faciet
540 3528 636 3594 cunn',
663 3532 694 3580 ut
715 3526 742 3583 ai
764 3546 864 3584 veram
884 3529 1041 3602 particulae
1063 3529 1122 3583 vim
1144 3538 1353 3604 spectemus,

282 3627 343 3664 non
368 3618 496 3682 tempus,
529 3607 578 3665 aed
602 3628 663 3666 rea
670 3607 847 3668 adfirmatur.
889 3609 1093 3711 Temporalem
1116 3620 1218 3669 antem
1248 3613 1356 3671 illam

210 3749 219 3754 ..
280 3691 450 3764 particulam
470 3699 624 3764 propterea
647 3683 728 3766 dixi,
758 3694 851 3770 qnod,
880 3696 1013 3752 etiamsi
1036 3696 1204 3752 nniversam
1235 3717 1358 3769 ‹poan-

281 3773 347 3832 dam
375 3771 618 3831 adfirmationern
631 3795 684 3848 per
713 3796 745 3832 se
767 3737 854 3836 habel
877 3768 928 3836 illa
949 3777 1107 3852 particula,
1136 3785 1247 3836 tamen
1277 3801 1359 3836 ma·

279 3877 370 3915 xnma
394 3857 588 3915 adactionem
615 3860 645 3915 in
672 3861 760 3916 verbo
786 3863 927 3935 pertinet,
968 3869 996 3918 et
1021 3863 1063 3920 sic
1087 3861 1223 3934 aliquam
1262 3872 1360 3920 tern-

272 3941 356 4031 poris
382 3941 536 3998 notionem
559 3940 668 4001 habere
694 3942 822 4019 videtur,
850 3965 934 4018 quarn
957 3946 996 4002 ita
1022 3951 1132 4001 tantum
1156 3945 1260 4003 modo
1291 3945 1360 4004 ha·

253 4007 343 4093 bet,
372 4021 450 4093 qnod
468 4023 545 4080 illnd
567 4014 646 4104 peip,
666 4022 753 4098 qrrod
775 4036 819 4085 est
840 4030 958 4101 propria
980 4033 1058 4101 noni,
1086 4028 1114 4083 si
1131 4047 1191 4107 non
1218 4029 1362 4100 forma,

252 4109 303 4155 at
325 4110 422 4162 tamen
447 4106 479 4162 vi
500 4125 532 4162 ao
553 4115 693 4180 potestate
714 4128 764 4166 sna
781 4129 836 4184 par
850 4111 996 4186 loquentis
1012 4111 1243 4224 cogitationem,
1273 4135 1362 4172 cnm
