2900 4584
608 288 741 377 τᾶρι’
996 341 1004 355 ·
1092 295 1208 369 ⁴3⁹¹

24 481 26 492 ¹
137 463 265 536 positum
286 465 339 533 eet,
360 465 390 516 ut
411 471 451 517 ex
472 477 506 518 ea
528 457 727 518 adfirmatione
747 465 925 533 aequaretur,
948 455 1010 520 nori
1028 481 1094 524 ereo
1109 465 1176 524 cino

138 547 254 602 ratione
276 543 393 616 dictum,
417 541 495 615 quod
517 551 603 599 antee
623 545 750 616 positum
773 551 859 602 esset.
900 541 963 602 Nou
983 544 1120 622 dicamur,
1143 557 1175 608 ut

140 639 218 688 rer-te
238 628 327 686 vertit
346 623 496 683 Subrius:
519 630 560 683 Ea
582 625 671 701 iiepon
693 625 816 684 odorlici
836 644 866 682 ιι.
887 643 914 682 a.
933 645 980 696 nu,
1005 630 1054 688 rel
1073 633 1099 688 si
1120 651 1174 690 εχ.

138 712 276 784 plicatiur
306 711 400 768 dicere
432 708 583 768 volumno:
621 709 711 767 Βοίιοὶ
743 727 821 766 neura
847 727 915 766 ιιιοιι
945 709 1175 789 bertichramno·

124 794 223 865 =(rel:
245 793 326 850 dodoi
346 812 424 850 cruos
447 811 515 850 ιιιαιι
538 795 675 863 missen),
698 793 765 850 dura
786 792 861 850 diere
881 790 977 850 beiden
996 797 1100 852 structu
1121 815 1176 854 our

65 943 72 953 ,
136 881 197 937 eino
226 876 307 933 ίιοίίιο
334 879 482 950 Taporcioe
509 895 564 934 ocu
593 875 727 934 eiu-ander
753 875 877 947 eutfcrut
903 875 978 934 aiud.
1019 873 1054 934 ld
1080 885 1176 936 autern

135 957 252 1032 Graeci,
275 967 415 1032 utsupra
437 960 555 1038 uberius
576 959 754 1032 explicatum
771 965 827 1032 eat,
848 960 890 1016 ita
911 956 1050 1033 efficiunt,
1070 973 1102 1018 ut
1122 961 1182 1020 ali:

134 1042 206 1116 quid
233 1063 296 1100 num
321 1042 524 1102 adfirmatione
551 1050 676 1116 ponant,
702 1041 779 1100 unde
804 1042 1004 1102 ratiocinando
1026 1042 1175 1120 efficiatur,

93 1190 96 1196 ,
134 1126 213 1199 ιχιιοιί
237 1127 346 1200 velint,
373 1135 450 1184 recto
471 1146 535 1185 sese
553 1125 672 1186 habere.
712 1123 776 1183 Usu
800 1133 894 1184 arrtem
917 1135 947 1184 et
967 1129 1176 1190 consuetudine

133 1209 271 1284 loquendi
299 1211 404 1268 iactuum
426 1217 485 1295 est,
511 1217 543 1266 ut
567 1211 600 1268 in
621 1210 772 1284 plerisque
792 1209 865 1268 iocis
887 1209 975 1282 plane
992 1213 1098 1270 curiosa
1118 1215 1175 1272 iata

133 1296 316 1361 ratiocinatio
338 1296 391 1352 sit:
419 1295 451 1351 in
475 1293 541 1352 aliis
561 1301 657 1352 antem
676 1294 757 1367 locis,
777 1294 827 1352 nbi
842 1294 930 1350 istam
946 1291 1175 1356 adfirmaticuem

84 1413 85 1418 κ
133 1380 261 1452 priorem
285 1386 462 1452 posuerunt,
489 1375 521 1435 id
547 1376 625 1451 quod
646 1384 723 1436 racto
746 1384 832 1450 atque
855 1376 960 1436 ordine
980 1377 1047 1436 fieri
1070 1382 1175 1456 potuit,

54 1533 56 1538 ,
133 1481 176 1528 ao
190 1469 291 1535 postea
315 1462 430 1520 demum
452 1461 498 1536 id,
528 1460 606 1535 qnod
629 1460 744 1520 axilla
766 1459 968 1519 adfirmatione
994 1471 1175 1537 sequeretur,

71 1603 73 1608 Α
135 1543 326 1618 explicarunt,
348 1548 525 1620 grammatici
550 1543 622 1604 adeo
646 1544 804 1604 adsuefacti
829 1552 912 1602 erant
928 1545 1044 1620 volgata
1060 1546 1174 1606 dicandi

133 1631 267 1702 ratione,
297 1636 330 1686 ut
353 1632 502 1690 inversum
529 1631 685 1688 verborum
713 1629 844 1687 ordinem
874 1630 1079 1705 requirerent,
1107 1651 1173 1690 cnm

66 1745 70 1752 ·
135 1713 297 1769 naturalem
321 1715 427 1790 seriem
449 1733 548 1774 earum
569 1714 800 1771 enuntiationum
820 1713 1007 1789 ignorarent,
1027 1714 1173 1790 similiter,

134 1805 166 1853 ut
187 1797 219 1852 iu
242 1794 288 1853 lris
309 1795 391 1870 locis,
413 1817 486 1868 quos
508 1796 594 1853 modo
615 1797 806 1854 tractavimus.

218 1875 279 1937 Sed
305 1875 365 1936 nou
392 1881 489 1937 minna
515 1876 698 1952 agnoscenda
720 1879 817 1952 primu
835 1875 888 1934 illa
910 1897 944 1934 ac
964 1878 1106 1939 naturalia
1126 1882 1174 1942 viu
1198 1949 1206 1964 ἱ

131 1962 290 2036 particulae
313 1957 377 2044 γὰρ
398 1969 444 2020 est
470 1964 557 2020 etiam
580 1962 669 2020 iniis
690 1960 781 2033 locis,
808 1960 839 2030 in
861 1955 966 2034 quibui
989 1961 1025 2020 ad
1047 1966 1174 2025 irritatiu-

133 2066 244 2104 snmam
265 2045 347 2103 iliam
369 2045 483 2104 dicendi
498 2036 639 2105 rationem
661 2043 822 2118 adhibetur,
845 2052 877 2101 ut
896 2045 960 2104 fere
981 2054 1081 2105 nostro
1101 2047 1174 2108 decu

130 2140 182 2186 aut
202 2127 311 2200 Latino
342 2149 410 2198 capr
437 2129 486 2187 vei
515 2134 587 2187 euim
614 2127 792 2203 respondere
816 2127 975 2186 rideatur·
1001 2128 1116 2209 Quibus
1139 2134 1172 2190 iu

129 2213 201 2284 locis
229 2231 317 2288 quem
347 2212 384 2272 ad
411 2212 528 2270 modum
557 2215 655 2272 natira
674 2213 727 2270 ilia
746 2213 905 2286 particulae
926 2205 989 2297 γὰρ
1013 2216 1059 2275 rie
1079 2235 1171 2292 agno·

5 2341 9 2350 .
110 2296 234 2355 ›soenda
265 2304 340 2355 esset
368 2300 429 2354 inm
456 2315 546 2371 cupra
571 2319 601 2371 p.
630 2303 691 2354 233
713 2316 758 2371 aq.
784 2296 962 2370 explicatum
986 2305 1040 2358 eat.
1068 2298 1171 2360 conc

128 2389 278 2454 praeterea
306 2401 357 2438 eos
385 2381 480 2455 iocos,
510 2379 597 2455 quoa*
614 2380 882 2453 Bovarius‘primc
908 2381 972 2440 loco
1005 2403 1036 2455 p.
1059 2385 1100 2441 48
1123 2405 1169 2459 aq.

130 2466 277 2534 tractarit,
296 2465 358 2536 qui·
370 2472 465 2522 tamen
486 2467 614 2537 peccarit
633 2466 665 2523 iu
679 2484 724 2538 eo,
746 2463 823 2536 quod
837 2464 922 2524 modo
936 2463 973 2522 ad
984 2486 1171 2542 proxumum,

128 2546 216 2604 modo
238 2546 275 2604 ad
292 2549 431 2606 remotius
456 2548 533 2604 dixit
554 2542 617 2629 γὰρ
639 2547 756 2605 referri.
798 2544 937 2605 Refertur
959 2551 1037 2606 euim
1059 2569 1171 2623 semper

129 2629 165 2688 ad
196 2628 244 2704 id,
277 2630 355 2702 quud
383 2639 446 2689 erat
472 2633 506 2688 in
530 2627 714 2703 praecedenti
734 2631 877 2686 sententia
902 2632 1082 2702 primarium.
1125 2631 1171 2690 Ac

129 2712 166 2771 da
188 2710 324 2772 isocratis
345 2713 410 2770 loco
431 2715 598 2787 Puuopprici
618 2715 648 2782 §.
669 2715 719 2770 67.
742 2710 789 2770 ed.
808 2708 907 2768 Bekk·
931 2731 961 2784 p.
980 2719 1022 2770 60
1040 2721 1171 2776 extrema

129 2796 176 2854 ed.
191 2794 233 2852 R.
248 2793 351 2868 Steph.
367 2796 455 2869 plane
466 2794 593 2852 dubitari
606 2813 665 2852 nou
676 2795 795 2868 poterit,
810 2795 843 2851 iu
857 2813 914 2868 quc
928 2793 964 2850 ad
980 2787 1041 2858 οὐκ
1053 2789 1171 2881 eloim).

129 2876 309 2950 οαν,ἱ11ιιι1,
331 2878 410 2949 quod
431 2879 578 2950 sequitur:
604 2871 894 2954 καταισχυνθέντες
914 2872 976 2960 γὰρ
997 2877 1171 2944 Πελοπον-

129 2953 241 3042 νήσιοι
256 2991 296 3002 —-
314 2951 570 3043 ἠναγκάσθησαν
581 2960 756 3038 μετασχεῖν
769 2959 834 3020 τῶν
849 2953 1013 3038 κινδύνων,
1035 2965 1168 3024 refertur.

128 3039 190 3102 Sed
220 3044 254 3100 in
281 3043 371 3102 altero
399 3041 461 3101 icco
482 3047 648 3118 Paucpyrici
671 3047 700 3116 §.
723 3047 772 3101 98.
794 3043 840 3102 ed.
862 3041 961 3104 Beki.
989 3069 1021 3122 p.
1045 3055 1094 3108 61.
1121 3050 1167 3109 ed.

126 3123 167 3184 Η.
189 3123 311 3201 Steph.‚
335 3129 367 3184 in
391 3147 449 3200 qno
470 3125 542 3185 haec
561 3127 652 3186 verba
672 3125 833 3186 habentur:
861 3118 883 3189 ii
913 3128 1008 3194 κοινὰ
1034 3130 1167 3197 πάντων

125 3204 196 3273 ἔστί
216 3209 282 3277 τῶν
301 3200 561 3288 ναυμαχούντων,
584 3201 645 3274 οὐκ
667 3201 733 3273 cid'
758 3206 787 3284 ὅ,
809 3233 843 3274 τι
864 3210 916 3276 δεῖ
936 3210 1071 3295 λέγοντα
1093 3215 1167 3279 dra-

123 3287 268 3375 τρίβειν·
289 3281 311 3353 di
333 3285 366 3354 δ’
388 3288 475 3356 ἐστίν
495 3287 567 3356 ἴδια
589 3289 645 3357 καί
665 3295 725 3378 τῆς
745 3286 921 3378 ἡγεμονίας
934 3290 1012 3372 ἄξια
1026 3295 1167 3374 καὶτοῖς

122 3371 379 3460 προειρημένοις
400 3368 659 3456 ὁμολογούμενα,
680 3378 785 3440 ταῦτα
808 3369 848 3448 δ’,
865 3373 944 3452 ε’μόν
965 3373 1061 3461 ἔργον
1079 3377 1167 3444 ἐστίν

124 3451 244 3522 εἰπεῖν.
272 3459 430 3520 τοσοῦτον
457 3455 520 3558 γρίρ
547 3454 568 3542 ἡ
598 3453 699 3534 πόλις
723 3453 818 3542 ἡμῶν
847 3457 1015 3540 διέφερον,
1043 3454 1094 3522 ὅτ’
1126 3453 1167 3546 ἦν

124 3533 299 3627 ἀκέραιος,
329 3535 414 3602 ὥστε
437 3561 502 3602 κτε.
528 3561 588 3598 ncn
607 3551 685 3600 recte
706 3541 783 3598 dixit
801 3539 948 3600 Devariua
972 3564 1003 3616 p.
1025 3547 1076 3622 49,
1100 3541 1165 3632 γὰρ,
1273 3581 1278 3586 .

123 3645 185 3683 non
208 3626 246 3685 nd
266 3643 440 3701 proxumum
461 3615 552 3683 ταῦτ’
579 3618 659 3698 droco
680 3615 777 3705 ἔργον
798 3617 886 3684 ἐστίν
907 3617 1028 3698 εἰπεῖν,
1052 3629 1105 3690 aed
1126 3631 1165 3689 ad

123 3701 196 3772 ἴδια
219 3705 275 3772 καί
297 3699 374 3784 ἄξια
394 3705 454 3790 τῆς
474 3696 665 3786 ἡγεμονίας,
698 3704 777 3778 quod
801 3709 941 3769 remotius
965 3719 1059 3788 erret,
1088 3713 1166 3772 refe·

124 3792 249 3852 randum
276 3811 353 3852 erae.
395 3787 431 3848 Iu
458 3809 493 3846 eo
519 3787 599 3845 enim
620 3785 683 3846 icoc
706 3789 753 3862 id,
786 3790 864 3863 quod
886 3794 918 3850 iu
939 3795 1079 3867 particula
1099 3788 1164 3880 γὰρ

79 3923 91 3942 „
123 3884 234 3951 spectat
256 3875 292 3933 ad
314 3873 521 3944 antecedentia,
544 3871 673 3944 pertinet
692 3870 730 3928 ad
749 3891 784 3928 oa
805 3875 886 3945 ipsa:
908 3875 1012 3936 ταῦτα
1034 3867 1067 3937 d'
1084 3871 1165 3954 ἐμὸν

125 3952 221 4041 ἔργον
242 3954 329 4022 ἐστίν
350 3951 466 4021 εἰπεῖν.
510 3951 670 4031 Coniungit
688 3955 768 4013 euim
787 3947 861 4038 γάρ,
882 3963 915 4012 nt
934 3958 965 4013 in
984 3957 1083 4019 multia
1095 3959 1164 4021 aliia

123 4043 212 4118 iocis,
234 4042 269 4101 de
293 4045 398 4115 quibua
421 4061 509 4115 supra
531 4038 676 4116 uidimus,
700 4040 743 4098 ita
765 4037 820 4098 lr'oc
842 4041 1041 4116 qucqueluco
1062 4065 1162 4104 narra·

124 4129 212 4186 tionis
232 4127 407 4204 principium
428 4145 545 4186 cornea
566 4126 706 4204 oratioue,
729 4143 804 4202 quae
824 4127 918 4202 ipsius
938 4125 1086 4203 loquentia
1106 4142 1161 4206 ert,
