2922 4592
596 271 687 359 ιιι.
1096 291 1162 361 ιιι

128 461 212 550 μένῃ
236 483 287 540 τις
311 454 394 544 οἷἰιῳ
409 451 486 522 ’κᾶν
513 453 699 546 ἕκποιηθῇ,
732 481 798 520 cum
821 460 891 520 libri
913 461 1030 539 quidem
1058 483 1161 526 ornnes

130 558 266 635 tueantur
298 548 401 606 altero<
421 544 485 602 loco
511 545 671 618 optativum
699 539 909 626 ἕκποιρθείη.
952 545 1064 607 Poterit
1091 567 1161 608 vere

130 631 234 691 eodem
256 633 320 688 inre
348 629 453 702 scribi,
481 627 559 701 quod
583 627 655 686 olim
681 623 727 685 Μ.
747 625 910 701 Devarius,
935 649 1023 704 quens
1044 631 1113 690 ride
1129 653 1161 706 p.
1236 689 1241 706 ,

133 719 221 788 117„
256 716 289 771 in
318 732 369 770 sno
391 711 466 768 libro
487 710 624 769 habuisse
643 710 771 768 videtur:
808 701 868 771 κᾶν
885 707 919 773 ἐν
939 712 987 794 τῷ
1012 708 1162 797 πατρῴῳ

129 794 224 874 μένοι
245 815 295 867 τις
317 787 398 876 οἴκῳ
421 785 482 854 κᾶν
500 787 726 874 ἐκποιηθοίη.,
748 802 798 852 ant
819 795 905 852 etiam
926 794 974 868 id,
994 795 1073 868 qnod
1094 797 1165 855 libri

129 884 368 952 repraesentant,
399 877 521 934 retineri
550 874 708 933 commode.
760 873 856 950 Saepe
888 877 967 935 enim
999 875 1106 938 Graeci
1132 881 1165 938 in

130 963 192 1020 eius
215 960 294 1018 modi
320 960 391 1018 locis
412 959 448 1019 ab
468 977 527 1016 nna
549 961 759 1018 constructione
788 958 825 1018 ad
846 959 967 1019 alteram
987 963 1166 1038 nommant

129 1053 217 1119 aunt,
238 1047 337 1116 itaque
359 1041 413 1100 lroc
429 1042 492 1100 loco
515 1059 603 1114 quom
622 1042 793 1116 simpliciter
809 1045 934 1117 primum
955 1044 1079 1104 dixisset
1101 1065 1166 1103 ora-
1204 1115 1205 1120 ¹
1265 1093 1267 1102 ,

45 1147 53 1160 „
131 1136 192 1186 tor:
221 1117 282 1187 udin
308 1121 342 1188 ἐν
366 1125 413 1208 τῷ
435 1116 582 1207 πατρῴῳ
603 1119 685 1208 μένῃ
711 1145 761 1200 τις
790 1119 885 1209 oium,
914 1137 947 1184 ut
980 1126 1058 1186 nihil
1084 1127 1166 1188 alind

127 1212 191 1270 nisi
213 1209 412 1268 condicionem
434 1218 541 1267 eventu
562 1227 660 1266 rernm
681 1207 839 1280 aliquando
857 1209 1100 1284 comprobandam
1113 1231 1165 1286 po·

130 1302 230 1368 neret,
252 1291 320 1351 dein
342 1292 684 1366 reliqnameententiamr
706 1283 766 1352 κᾶν
788 1285 1014 1376 ἔκποιηίίοίη.,
1036 1296 1079 1352 ita
1098 1315 1166 1368 pro-
1207 1299 1210 1312 ’

131 1371 286 1436 nuntiasse
306 1375 440 1447 videtur,
469 1383 502 1431 ut
524 1374 721 1432 condicionem
742 1373 860 1448 quidem
882 1377 982 1434 eodem
1004 1377 1090 1435 modo
1111 1398 1165 1451 po·

131 1469 232 1534 neret,
260 1459 310 1517 sed
335 1479 397 1516 reru
426 1467 522 1516 tamen
543 1459 626 1530 quasi
647 1477 687 1516 ex
707 1459 768 1516 eius
794 1461 1015 1522 ratiocinatione
1037 1459 1165 1518 declara·

133 1550 198 1615 ret,
226 1543 277 1615 qni
307 1543 347 1598 ita
372 1541 556 1599 statuendum
583 1549 809 1614 esseputasaet.
852 1539 941 1620 Quod
961 1545 987 1600 si
1008 1546 1165 1616 probamur

131 1624 213 1684 hanc
234 1625 393 1698 rationem,
424 1621 478 1680 lnoo
503 1622 573 1680 dicit
594 1622 710 1681 leaena:
741 1624 798 1682 Sed
818 1625 905 1683 oilrllo
926 1629 1019 1683 ιιιίιιιιο
1037 1635 1167 1697 ololam-

131 1709 200 1766 dnm
230 1715 270 1764 est
296 1708 350 1776 (sie
373 1706 449 1762 enim
469 1702 578 1762 Latine
601 1697 743 1787 ὑπάρχει
769 1704 890 1764 reddere
912 1705 1066 1782 debemus,
1088 1709 1167 1783 qrrod

134 1800 181 1850 est
202 1790 335 1864 proprie:
367 1787 407 1852 asi
434 1795 465 1844 nl
492 1792 544 1856 sit)
565 1787 680 1863 eundem
701 1806 759 1844 erse
781 1796 909 1862 patrem,
938 1794 996 1847 sive
1015 1795 1047 1848 in
1070 1797 1167 1866 patrio
1252 1832 1257 1839 ι

132 1879 270 1934 manserit
301 1875 363 1948 ιριίο
393 1869 475 1928 domo
505 1873 565 1927 sire
596 1888 665 1925 οιιιιι
684 1873 890 1945 οιιιοιιοίραίιιιιι
913 1888 972 1928 esse
991 1877 1167 1947 copilnocris.

134 1954 170 2014 ld
197 1976 232 2013 eo
258 1957 355 2011 minus
383 1951 467 2011 debet
495 1951 649 2011 offensioni
672 1971 752 2022 esse,
783 1948 861 2025 quod
882 1954 968 2010 etiam
988 1954 1020 2012 in
1041 1955 1168 2028 simplici

74 2055 76 2062 ’
134 2037 278 2111 particula
308 2029 340 2098 εί
368 2037 401 2093 iu
430 2055 488 2094 nna
513 2034 680 2113 eademque,
697 2036 893 2093 enuntiatione
914 2037 1038 2109 primurn
1057 2037 1168 2106 indica-

135 2124 226 2195 tivus,
249 2130 309 2177 tum
330 2120 474 2193 optativus
493 2119 630 2192 ponitur,
668 2138 724 2192 qna
745 2116 782 2175 de
803 2137 834 2176 re
853 2119 933 2176 inira
952 2119 1067 2178 dicendi
1087 2121 1167 2181 loom

134 2205 201 2262 erit.
244 2201 303 2262 Sed
327 2212 358 2260 ut
378 2204 436 2259 iarn
453 2203 606 2259 consistam
625 2201 657 2258 in
673 2202 836 2260 oratoribus
850 2199 977 2277 Atticis,
994 2223 1100 2278 ponam
1117 2197 1167 2264 de·
1211 2211 1215 2218 '

134 2289 227 2360 nique
257 2286 352 2343 locum
382 2283 527 2358 quandam
548 2281 707 2359 Dinarchi,
741 2285 793 2356 qni
825 2283 946 2343 habetur
965 2288 998 2344 in
1020 2289 1084 2346 eiua
1103 2307 1169 2346 ora·

136 2363 223 2428 tione
244 2379 341 2428 contra
362 2369 571 2440 Demosthenem
593 2369 623 2438 §-
644 2370 696 2424 44.
718 2367 764 2426 ed.
787 2364 884 2426 Belsk.
906 2389 936 2442 p.
958 2372 1009 2428 95.
1038 2380 1171 2429 extrema

136 2453 183 2515 eol.
205 2449 247 2510 H.
270 2443 493 2525 Steph.'l1ad
515 2442 647 2531 γράψαι
672 2446 907 2532 Ταυροσθένην
921 2442 1104 2534 Ἀθηναῖον
1124 2444 1172 2515 el-

134 2555 192 2596 ναι
217 2527 295 2608 τοὺς
313 2530 373 2608 μὲν
394 2525 496 2595 αὑτοῦ
516 2527 658 2606 πολίτας
680 2525 1028 2612 καταδουλωσάμενον,
1059 2535 1119 2618 τῆς
1137 2527 1167 2597 d’

22 2641 26 2652 ·
136 2607 283 2695 Εὖβοίας
304 2612 386 2696 ὅλης
405 2608 489 2694 μετὰ
507 2615 566 2676 τοῦ
588 2605 736 2698 ἀδελφοῦ
754 2609 903 2676 Καλλίου
924 2609 1091 2720 προδότρν
1111 2619 1172 2680 (Dr-

137 2693 255 2780 λίππῳ
283 2695 511 2778 γεγενημένους
538 2685 577 2757 ὃν
599 2687 659 2758 οὐκ
687 2692 785 2760 ἐῶσιν
813 2689 846 2758 οἱ
868 2689 964 2776 νόμοι
985 2699 1045 2782 τῆς
1065 2699 1194 2780 Αυρς

137 2776 240 2843 ναίων
266 2775 378 2862 χώρας
397 2774 595 2856 ἐπιβαίνειν,
626 2771 656 2840 εἰ
685 2775 721 2841 δὲ
741 2772 805 2861 μή,
834 2781 904 2853 τοῖς
925 2773 1040 2854 αὐτοῖς
1062 2775 1172 2860 ἔνοχον

138 2853 226 2926 εἶναι
269 2856 457 2934 κελεύουσιν
499 2851 619 2940 οἷσπερ
659 2851 699 2922 ἷίν
735 2881 786 2936 τις
818 2861 884 2925 τῶν
914 2856 1103 2946 φευγόντων
1136 2861 1174 2940 ἐξ

132 2937 268 3026 Ἀρείου
289 2938 400 3024 πάγου
427 2936 546 3004 κατίοι.
595 2941 686 3001 Recte
713 2941 847 3003 enimc.
871 2943 909 3004 Ε.
930 2944 971 3004 Α.
993 2944 1172 3007 Schmidtius

138 3030 317 3102 optativum,
344 3046 431 3100 qtrem
456 3045 558 3088 omnes
578 3026 646 3085 libri
669 3025 813 3102 offerant,
835 3037 945 3088 tntatns
967 3039 1019 3089 est.
1062 3029 1173 3088 Dican-

129 3113 187 3170 ’τοι
212 3113 289 3169 enim
315 3109 386 3168 haec
414 3111 512 3166 omnia
536 3109 572 3166 de
601 3112 747 3170 sententia
767 3111 882 3187 legum,
896 3103 898 3109 ’
914 3115 967 3188 qui
987 3124 1085 3177 vetent
1108 3117 1172 3176 eitra

111 3220 114 3231 ‘
136 3194 218 3253 modi
237 3193 385 3270 hominem
404 3190 536 3251 Atticam
557 3202 662 3250 terram
683 3194 843 3268 adtingere.

161 3345 164 3352 ¹
224 3275 284 3336 Sed
304 3276 469 3334 adimendis
490 3274 537 3334 lris
558 3276 702 3350 exemplis
724 3275 779 3336 lroc
801 3277 932 3336 effecisse
955 3298 1002 3337 me
1027 3287 1113 3354 puto,
1142 3289 1173 3338 nt

135 3364 197 3420 iam
233 3365 372 3434 appareat
403 3371 518 3418 veteres
549 3360 667 3431 quidem
701 3363 881 3435 scriptores,
922 3363 1008 3418 etiam
1038 3364 1063 3419 si
1095 3383 1173 3438 raro,

138 3455 234 3502 tamen
258 3464 312 3502 eno
336 3443 401 3500 loco
422 3462 482 3501 non
503 3443 611 3500 veritos
633 3461 714 3516 esse,
741 3439 798 3504 ἐὰν
821 3442 990 3515 particulam
1010 3446 1173 3506 consociare

139 3547 205 3586 rum
227 3528 371 3601 optativo,
400 3525 450 3582 ubi
472 3542 505 3582 ea
525 3527 669 3583 sententia
690 3526 775 3597 qnasi
799 3543 816 3580 e
839 3533 934 3581 mente
954 3524 1074 3584 alterius
1095 3527 1173 3584 dice-
1254 3549 1256 3554 ·

137 3619 231 3668 retur.
272 3606 308 3666 ld
329 3607 400 3664 adeo
421 3607 580 3680 posteriore
599 3616 728 3678 tempore
749 3607 838 3662 etiam
856 3608 898 3663 ibi
919 3606 1027 3666 luctam
1050 3619 1103 3684 est,
1122 3613 1174 3670 ubi
1280 3599 1286 3620 ⁸

137 3709 193 3752 sur
220 3712 281 3750 non
307 3711 346 3750 ex
374 3698 437 3763 tna,
458 3687 509 3746 sed
531 3707 571 3744 ex
595 3687 713 3745 alterins
734 3689 829 3760 potins
846 3690 1020 3766 cogitatione
1043 3693 1174 3766 aliquam
1252 3684 1256 3695 Χ

139 3775 340 3834 condicionem
359 3766 474 3846 ponas,
496 3779 524 3828 et
545 3789 684 3842 peraeae
704 3772 799 3838 minor
820 3771 907 3830 facile
921 3767 1055 3849 intellegi
1078 3783 1175 3848 potest

139 3868 171 3917 et
200 3858 315 3931 reliqna
340 3857 468 3914 oratione
494 3854 623 3927 apertius
644 3853 839 3928 significatum
860 3865 1002 3929 nonest,
1030 3857 1122 3915 veluti
1142 3859 1174 3916 iu

140 3941 202 4001 illis
229 3945 341 4014 ιιιαριιίο
362 3938 533 4011 ntoralilms,
563 3956 639 4009 quae
660 3935 820 3996 Aristoteli
843 3937 930 4012 volgo
961 3930 1175 4015 adscribuntur,

139 4023 191 4081 lib.
214 4021 240 4080 l.
263 4043 326 4096 cap.
346 4026 397 4079 27.
418 4021 538 4086 dicitnr:
562 4013 640 4084 ‘Ode‘
660 4041 696 4100 γε
714 4015 882 4104 φθονερὸς
897 4015 1043 4126 ίναντίορ
1057 4015 1174 4106 codam·

139 4099 257 4180 ἁπλῶς
279 4099 358 4188 γάρ,
381 4093 421 4168 dn
442 4124 479 4168 aa
497 4093 595 4198 ἄξιός
611 4123 663 4179 τις
683 4095 735 4186 οίρ
754 4093 793 4167 ίίν
809 4125 847 4168 το
863 4098 909 4188 μὴ
930 4104 1043 4170 τοῦ-ευ
1066 4101 1174 4190 πράτ-
1232 4136 1250 4164 ο
