2916 4590
287 285 332 352 86
578 377 580 382 Ι
637 275 791 360 άλλως
821 305 868 348 τε
899 275 988 350 καί.

288 475 348 516 nou
369 474 455 530 possa
479 473 544 514 eam
562 453 663 512 locum
683 449 808 528 habere,
830 452 889 510 nisi
913 447 1054 526 quaedam
1078 448 1207 508 condicio
1228 446 1333 508 elisra-

288 551 345 613 tur,
368 560 426 614 qua
446 536 511 612 hoc,
532 536 611 612 quod
630 536 696 595 fieri
716 535 834 610 elicitum
856 537 1046 610 potissumum
1060 533 1127 592 lieri
1140 532 1332 610 significetur.

287 621 406 683 Dicitur
437 625 516 684 eninr
547 621 618 680 hooc
653 640 737 699 quom
758 621 842 680 aliter
865 629 926 678 tum
948 620 1002 678 lton
1023 619 1199 688 condicione,
1228 620 1332 678 utris

288 728 322 769 so
345 715 471 781 potestas
494 706 639 764 formulae
663 695 773 778 άλλως
793 724 830 766 τε
850 699 908 766 καὶ
928 702 1186 778 respondentium
1206 699 1333 762 Latinas

286 790 447 867 particulae
462 795 677 874 pracsertimlet
696 797 813 846 nostrae
832 787 938 856 zumol.
981 785 1037 846 Est
1052 795 1149 846 autem
1161 785 1223 859 illa,
1244 805 1333 859 quam

287 875 368 950 dixi,
395 874 525 932 condicio
548 883 596 932 aut
617 875 731 948 integra
752 873 951 932 enuntiatione
975 869 1168 929 condicionali
1190 870 1334 928 declarata

287 968 337 1019 aut
355 960 444 1018 etiam
461 959 520 1016 alia
537 960 749 1017 constructione
767 957 908 1014 orationis
925 954 1085 1031 significata
1103 961 1216 1011 tautum
1234 953 1331 1013 modo.

371 1041 427 1101 Ac*
437 1043 565 1118 primum
582 1041 699 1117 quidem
716 1039 795 1115 apud
808 1037 1036 1099 Demosthenem
1053 1040 1085 1096 in
1099 1040 1239 1114 oratioue,
1256 1057 1332 1112 quae

288 1132 334 1188 est
363 1131 406 1184 Dc
433 1146 554 1201 corono,
582 1130 612 1199 §.
640 1125 670 1185 5.
697 1125 742 1183 ed.
768 1121 868 1182 Betk.
895 1145 923 1198 p.
946 1127 1019 1182 227.
1039 1122 1085 1181 ed.
1106 1121 1212 1181 Reislr.
1241 1121 1332 1196 plena

288 1212 419 1270 oratioue
442 1211 563 1269 dicitur:
597 1203 737 1271 Πάντων
777 1203 823 1270 ιδν
836 1201 915 1291 ,γάρ
936 1197 1204 1289 ἀποστερεῖσθαι
1226 1203 1332 1286 λυπη-

287 1288 348 1378 ρόν
381 1287 452 1358 ἐστι
482 1289 538 1355 act
562 1285 728 1372 χαλεπόν,
761 1282 870 1364 άλλως
895 1309 932 1352 τε
960 1281 1020 1354 uiis
1045 1281 1099 1352 ὑπ’
1126 1284 1254 1368 ’ἐχθροῦ
1284 1307 1331 1372 usp

287 1377 386 1440 τοῦτο
409 1372 572 1462 συμβαίνῃ
594 1369 669 1449 nui,
690 1377 742 1434 uhi
761 1374 818 1434 hoc
838 1373 958 1432 dicitur:
988 1393 1051 1432 eum
1071 1373 1156 1432 aliter
1175 1380 1224 1430 aut
1244 1371 1329 1443 olias,

287 1468 347 1518 tom
375 1462 487 1538 quoodo
513 1461 548 1519 al
575 1461 654 1520 hoste
682 1465 728 1518 cui
753 1459 805 1518 lioc
821 1462 988 1534 ποτάομαι,
1014 1454 1046 1515 id
1074 1463 1136 1530 est,
1165 1460 1331 1532 praesertim
1377 1507 1380 1511 .

287 1563 371 1620 quom
391 1545 422 1602 id
439 1544 474 1602 ob
494 1545 573 1604 lusto
594 1543 681 1602 alicui
697 1543 848 1616 inferatur.
891 1539 1005 1599 Eodem
1022 1540 1108 1599 modo
1128 1538 1233 1598 dicitur
1253 1538 1332 1614 apud

286 1623 518 1702 Xenophontem
544 1628 577 1685 in
607 1625 766 1701 Disciplina
792 1627 857 1698 Oppi
883 1624 936 1683 lib.
957 1622 997 1683 ll.
1020 1645 1082 1699 cap.
1104 1626 1136 1684 4.
1157 1627 1189 1696 §a
1210 1628 1258 1681 ll.
1284 1619 1330 1682 ed.

285 1707 382 1769 Zeuu
414 1702 489 1772 Ἐάν
515 1705 579 1792 γάρ
602 1703 641 1772 σὺ
664 1698 802 1792 dipticae
824 1701 916 1794 ἔχῃς,
947 1695 1012 1770 οἶδ’
1037 1703 1092 1771 ὅτι
1113 1704 1171 1769 καλ
1193 1701 1268 1810 ἐμοὶ
1290 1697 1331 1768 δν

287 1787 340 1872 εἴη
362 1786 555 1874 λαμβάνειν,
579 1784 683 1856 ὁπότε
705 1787 850 1874 δεοίμην,
873 1783 983 1866 άλλως
1003 1811 1040 1854 τε
1062 1786 1119 1852 καὶ
1140 1782 1171 1852 εἶ
1194 1810 1243 1864 εις
1262 1809 1332 1852 τοι-

286 1870 387 1942 οῦτόν
414 1899 448 1940 τι
476 1869 679 1956 λαμβάνοιμι
708 1865 727 1938 ii
748 1874 863 1955 μέλλει
878 1869 942 1938 Ικαὶ
964 1869 1019 1937 cot
1040 1869 1236 1956 δαπανηθὲν
1255 1869 1332 1952 βέλ-

286 1981 358 2025 τιον
379 1949 474 2024 εἶναι.
500 1981 563 2020 cum
587 1961 670 2018 aliter
691 1969 752 2018 tum
772 1965 798 2019 si
819 1967 885 2030 eta,
908 1957 940 2018 id
961 1966 1013 2033 est,
1034 1961 1202 2034 pracsertim
1221 1961 1248 2015 si
1269 1965 1331 2028 etc,
1358 2012 1365 2019 .

285 2044 385 2102 suntal
404 2064 486 2102 aucun
506 2045 552 2102 ich
571 2065 600 2102 ιι.
619 2063 643 2101 u.
663 2063 701 2102 ιο.
723 2050 754 2101 et
774 2042 853 2120 apud
872 2042 1076 2119 Thucydidem
1096 2041 1148 2100 lib.
1163 2038 1203 2102 ll.
1221 2061 1282 2116 cap.
1297 2047 1330 2100 3.
1379 2046 1386 2054 ’

286 2119 320 2190 oi
349 2122 386 2190 δὲ
413 2125 589 2208 Πλαταιῆς
613 2161 657 2208 1-
686 2121 774 2210 πρδς
799 2121 960 2206 ξύμβασιν
983 2119 1151 2207 ἐχώρησαν
1173 2119 1230 2188 καὶ
1253 2115 1333 2200 socie

285 2201 407 2289 λόγους
430 2203 603 2288 δεξάμενοι
626 2199 797 2292 ἡσύχαζον,
822 2205 930 2286 ἄλλως
952 2229 986 2272 τε
1008 2209 1065 2272 καὶ
1086 2202 1204 2293 ἐπειδὴ
1226 2203 1261 2283 ἒς
1275 2199 1340 2273 οὗ·Χ
1428 2254 1432 2263 ι

286 2283 483 2356 dinamidia
506 2287 723 2376 ἐνεωτέριζον.
814 2321 817 2328 ’

371 2373 432 2435 sed
465 2379 646 2452 saepissume
677 2379 767 2435 etiam
797 2396 851 2451 per
881 2377 1033 2452 participia
1066 2375 1245 2452 significatur
1274 2377 1333 2436 istu

285 2458 442 2533 condicioJ
466 2482 524 2535 qua
548 2459 660 2536 aliquid
680 2463 871 2534 potissumum
892 2480 957 2520 esse
981 2468 1031 2518 aut
1050 2460 1117 2519 fieri
1141 2459 1270 2536 dicatur,
1299 2465 1336 2543 ut

284 2545 317 2603 iu
345 2544 511 2622 illisionis,
540 2566 613 2620 quos
635 2546 741 2619 stipsi
763 2565 850 2620 supra
870 2547 1019 2618 posuimus
1040 2543 1208 2620 explicandi
1231 2563 1332 2602 caussa

283 2649 314 2702 p.
336 2631 386 2686 84.
408 2649 447 2688 ex
468 2627 677 2704 Aristophanis
698 2629 772 2686 Νιιδ.
793 2648 820 2688 ν.
836 2633 929 2689 1269.
948 2637 1032 2687 etex
1046 2629 1159 2688 Electra
1176 2625 1331 2703 Sophoclis

163 2737 170 2743 ·
283 2733 313 2772 v.
338 2718 428 2776 1217.
459 2721 489 2771 et
515 2709 675 2772 Devarius'
686 2711 790 2770 adtulit
810 2733 841 2787 p.
862 2716 912 2770 24.
938 2733 979 2770 ex
998 2709 1133 2770 Isocratis
1156 2716 1330 2788 Puocpprio'o
1445 2701 1446 2758 l

283 2799 313 2868 §.
338 2801 407 2854 106.
431 2796 478 2854 ed.
499 2795 600 2855 Belli.
623 2818 653 2871 p.
678 2801 728 2854 62.
754 2796 800 2855 ed.
822 2793 863 2854 Η.
884 2793 988 2872 Steph.
1011 2803 1040 2854 et
1062 2816 1101 2854 ex
1120 2793 1330 2870 Xenophontis

282 2880 443 2938 Mentoruh.
468 2883 597 2940 Socratis
622 2880 675 2938 lib.
701 2878 742 2940 ll.
771 2901 794 2938 c.
818 2885 848 2938 8.
871 2884 899 2954 §.
925 2888 953 2938 1.
997 2879 1113 2958 Quibus
1134 2880 1193 2937 iam
1215 2879 1331 2938 accedat
1445 2887 1446 2890 ’

282 2960 417 3021 Plutonis
438 2964 529 3038 locus,
553 2967 604 3039 qui
624 2964 732 3040 legitur
754 2967 786 3022 iu
808 2963 938 3022 Phaedro
959 2959 1037 3022 Part.
1055 2959 1079 3020 l.
1101 2963 1160 3022 vol.
1180 2961 1205 3021 l.
1226 2983 1255 3036 p.
1277 2967 1329 3021 42.
1445 2985 1446 3012 1

284 3045 330 3104 ed.
354 3043 456 3148 βελλ.
478 3068 508 3121 p.
529 3053 600 3126 247.
623 3046 668 3106 ed.
691 3044 732 3105 Η.
754 3043 857 3120 Steph.
896 3043 1084 3146 Tolppuc'ov
1112 3041 1174 3132 γὰρ
1205 3037 1329 3109 οὖντά
1445 3057 1446 3083 ³

278 3141 321 3210 'pe
343 3126 472 3210 αληδὲς
493 3122 611 3200 εἰπεῖν,
634 3123 742 3202 άλλως
763 3150 798 3190 τε
821 3123 877 3189 καὶ
898 3125 978 3210 περὶ
993 3125 1330 3210 αληδείαςλέγοντα,

283 3212 361 3288 quod
388 3215 475 3272 etiam
502 3213 605 3274 Latini
626 3222 741 3272 vertare
762 3219 886 3286 possunt
901 3210 962 3271 hoc
982 3213 1086 3271 modo:
1115 3215 1227 3272 Audero
1252 3213 1329 3272 dcccc

167 3367 170 3376 ‚
281 3314 378 3356 oerum
402 3297 508 3368 diacre,
532 3301 698 3374 pracsertim
721 3296 755 3353 de
777 3298 894 3354 ueritate
915 3297 1070 3372 dicentem,
1095 3307 1123 3354 et
1145 3295 1330 3374 Thucydidis

282 3381 371 3438 etiam
394 3381 494 3456 paullo
518 3380 687 3456 impeditior
711 3379 792 3439 locus
818 3379 871 3436 lib.
892 3376 966 3440 Vll.
994 3401 1057 3456 cap.
1080 3386 1148 3451 80.‚
1178 3383 1228 3439 ubi
1255 3379 1330 3440 haec

280 3465 373 3522 uerba
393 3463 550 3540 leguntur:
585 3451 778 3540 Καάσαντες
800 3451 857 3525 οὖν
879 3458 970 3548 παρὰ
993 3459 1104 3528 πολλὰ
1128 3457 1271 3547 ἕχάρομν
1294 3459 1331 3527 δν

281 3547 324 3631 τῇ
346 3542 446 3621 uinci,
469 3543 526 3610 nui
547 3537 670 3620 αὐτοῖς,
693 3534 764 3608 οἷον
786 3543 880 3630 φιλεῖ
901 3543 957 3610 καί
974 3547 1061 3610 πᾶσι
1077 3545 1329 3631 στρατοπέδοις,

281 3624 428 3706 μάλιστα
453 3625 490 3692 δὲ
514 3632 586 3704 τοῖς
607 3624 785 3730 papinium,
811 3623 914 3714 φόβοι
940 3625 996 3694 καλ
1021 3625 1163 3709 δείματα
1188 3626 1331 3734 ἐγγίγνε-

282 3715 386 3784 σθαι,
414 3706 523 3786 ἄλλως
544 3713 661 3774 τεκαι
687 3708 719 3774 ἐν
743 3708 835 3775 νυκτί
860 3734 896 3775 τε
925 3710 981 3778 καὶ
1005 3709 1062 3776 διὰ
1084 3712 1250 3792 πολεμιας
1272 3709 1331 3777 καὶ

282 3785 353 3857 άπὸ
386 3790 556 3870 πολεμίων
588 3787 628 3859 οὗ
659 3793 748 3858 πολὺ
781 3787 971 3875 ἀπεχόντων
1003 3790 1131 3873 ἰοῦσιν,
1167 3793 1331 3876 ἐμπίπτει
1443 3867 1444 3878 ¹

281 3868 408 3979 uupapp'
431 3870 496 3940 κτὲ.
539 3877 591 3939 Sic
611 3880 690 3939 idem
710 3879 897 3957 Thucydides
921 3883 972 3939 lib.
988 3877 1046 3940 lv.
1063 3901 1125 3958 cap.
1145 3886 1217 3940 104.-
1233 3880 1329 3940 dixitr
1443 3887 1444 3890 ’

274 3951 329 4034 Ἐς
356 3963 504 4044 occupo»
526 3960 634 4048 μέγαν
656 3961 775 4028 κατέστ
798 3983 874 4040 σαν,
905 3955 1014 4040 ἄλλως
1033 3985 1071 4028 τε
1093 3960 1148 4027 καὶ
1170 3956 1330 4047 ἀλλήλοις

281 4039 433 4110 ὕποπτοι
460 4035 563 4124 ὄντες.
612 4045 718 4123 Neque
748 3988 904 4107 abhorrent
931 4049 967 4106 ab
998 4047 1052 4106 hac
1075 4048 1193 4108 dicendi
1213 4050 1330 4108 ratione

281 4127 327 4194 illi
348 4127 416 4210 luci,
435 4132 487 4194 ubi
506 4131 843 4220 simploxlpartiuipium
863 4151 917 4208 par
933 4130 1012 4192 hanc
1025 4131 1182 4194 formulam
1196 4131 1330 4211 elicitur,
1442 4179 1443 4212 p
