2916 4590
540 279 548 292 “
623 263 683 336 du.

471 519 912 604 coruum„

173 671 227 742 De
257 673 305 743 tto
333 659 557 766 particule,
589 685 628 743 et
653 672 739 746 ἄνθ’
762 667 835 764 ὧν,
863 686 903 746 el
928 673 1010 746 ἄνθ’
1033 679 1143 752 ὅπου.

218 871 394 932 Universum
423 871 459 932 de
488 872 631 948 particula
653 862 692 934 du
714 871 874 933 doctrinam
896 883 927 935 et
948 873 1095 936 Duranius
1115 879 1245 956 ipso'Ar.

136 955 207 1017 olim
234 963 311 1016 recte
340 955 521 1016 adumbrarit
551 967 580 1017 et
601 954 640 1019 G.
661 953 848 1017 Henncnnns
880 979 976 1034 nuper
1002 961 1035 1018 in
1059 965 1179 1037 egregia
1209 993 1240 1044 1’.
1258 993 1301 1046 2⁸.

126 1041 348 1115 dissertatione,
373 1059 460 1115 quam
482 1039 518 1100 de
539 1039 593 1099 lrac
615 1041 757 1114 particula
777 1043 950 1118 conscripsit
967 1063 1001 1102 uc
1017 1048 1177 1118 separatim
1259 1061 1262 1068 ·

137 1123 227 1184 edidit
257 1123 381 1197 (diodus.
405 1127 563 1183 Henrrauui
589 1129 632 1182 Da
651 1125 792 1202 partiario
814 1116 855 1187 dr
877 1125 940 1185 liirt
961 1129 1014 1184 W.
1041 1125 1177 1208 Lipsiae,

38 1272 41 1277 ,
136 1209 213 1284 apud
232 1206 385 1266 Ernestum
400 1203 610 1266 Fleisclrorum.
628 1210 749 1282 lesu),
769 1209 813 1266 ita
834 1208 983 1269 enucleate
1003 1213 1176 1286 copioseque

135 1294 285 1366 exposuit,
306 1299 339 1348 ut
363 1309 440 1349 nuuc
462 1293 521 1348 ium
548 1289 653 1349 melius
675 1289 712 1349 de
733 1293 796 1350 istiu
817 1291 899 1366 locis,
913 1293 970 1366 ,qul
992 1295 1081 1352 etiam
1101 1315 1177 1355 nunc

135 1376 169 1434 in
193 1367 399 1434 dubitationem
424 1393 456 1432 cc.
477 1371 716 1449 disceptationem
739 1377 838 1435 vocari
863 1377 997 1450 possint,
1025 1376 1177 1438 indicetur.

135 1457 270 1532 Nam-que
297 1468 365 1516 unte
386 1455 589 1516 Hermannum
619 1459 678 1515 ium
705 1459 793 1518 etlam
816 1455 850 1518 G.
872 1456 1024 1538 Reisigiur
1044 1462 1078 1520 iu
1099 1479 1177 1520 coor-

136 1547 303 1600 ntentatiortc
323 1541 358 1598 rie
377 1545 407 1600 oi
429 1549 455 1599 ct
476 1561 528 1599 osu
550 1532 593 1601 itu
611 1541 786 1618 particulae,
818 1560 893 1616 quac
913 1551 956 1602 ert
983 1541 1119 1603 adiuncta
1139 1543 1177 1605 ud

135 1623 347 1697 Aristophanis
370 1625 466 1682 turtur
489 1644 520 1697 p.
544 1625 716 1682 97-140.
746 1625 951 1702 intellegenter
971 1646 1005 1686 ao
1023 1629 1119 1700 perite
1139 1627 1177 1689 do

135 1707 189 1768 lrac
214 1729 248 1768 re
273 1715 387 1784 egerat,
416 1715 445 1766 et
469 1703 544 1764 Ero.
573 1705 675 1782 l’cppo
703 1707 737 1766 de
763 1727 819 1766 usu
845 1709 1003 1784 particarios
1029 1701 1071 1772 dv
1099 1711 1176 1788 apud

138 1795 262 1850 Graecos
284 1792 527 1864 dissertationem,
549 1809 624 1864 quae
645 1789 753 1865 legitur
772 1793 806 1848 in
828 1787 964 1850 Scebcdii
983 1795 1178 1852 Mucelluusic

137 1877 226 1934 critic.
238 1869 310 1932 Vol.
323 1871 348 1931 l.
362 1874 434 1932 fane.
448 1869 484 1946 1.‚
501 1871 641 1930 laudabili
662 1872 811 1948 diligentia
827 1881 1036 1947 composuerat.
1079 1873 1178 1954 Quam

137 1959 176 2015 ob
205 1974 266 2014 recu
294 1977 348 2032 ego
378 1953 434 2014 hoo
463 1957 525 2014 loco
557 1973 592 2014 ea
616 1963 728 2012 tantum
751 1955 917 2032 adtingam,
946 1975 1021 2030 qnae
1045 1956 1120 2016 milri
1140 1957 1178 2018 ad

135 2038 262 2119 Devarii
285 2038 513 2098 dissertationem
534 2037 876 2115 adnotanda'videantnr,
897 2041 1065 2100 universam
1080 2049 1177 2101 nutem

135 2124 172 2184 de
191 2125 222 2183 ri
244 2143 277 2182 ac
296 2129 441 2198 potestate
459 2121 547 2182 huius
567 2123 726 2197 particulae
744 2123 980 2197 disputationem,
1001 2125 1029 2184 ui
1043 2143 1077 2184 eu
1090 2127 1177 2184 etium

135 2220 196 2266 tum
218 2227 290 2282 opus
315 2227 381 2266 esse
401 2205 543 2280 videatur,
563 2204 600 2264 ad
611 2205 718 2266 calcent
732 2209 830 2282 potius
843 2205 913 2266 libri
926 2209 1067 2285 reiicium,
1089 2227 1177 2284 quarn

72 2361 79 2364 ,
136 2301 168 2350 nt
186 2289 243 2355 ltoc
262 2291 326 2349 loco
349 2289 630 2350 diutius‘detiuearn.
984 2292 988 2300 “
1231 2283 1239 2302 “

218 2373 296 2433 lllud
325 2383 420 2432 autern
446 2377 574 2449 ingenue
603 2373 715 2448 fateor,
740 2393 917 2450 quamquam
943 2375 976 2433 in
1003 2373 1177 2449 quibusdum

135 2457 209 2517 locis
232 2479 296 2515 cum
317 2455 356 2516 G.
371 2455 548 2516 Henuanno
565 2457 663 2534 iacere
683 2477 743 2515 nou
764 2477 895 2533 possum,
916 2467 1089 2518 nontamen
1101 2459 1177 2519 milri

136 2537 161 2600 l.
174 2538 218 2600 A.
231 2539 439 2615 Hartungium,
460 2543 511 2616 qui
534 2539 595 2601 rol.
612 2537 653 2599 ll.
674 2561 706 2613 p.
727 2546 788 2598 218
812 2560 880 2614 sqq.
902 2539 939 2599 de
960 2539 1014 2600 lrac
1034 2541 1177 2616 particula

136 2623 304 2698 disputavit,
326 2643 423 2698 neque
443 2622 480 2682 de
500 2626 564 2696 ipsa
587 2625 703 2696 origine
723 2643 819 2696 neque
840 2624 876 2680 dc
899 2626 993 2697 primu
1012 2627 1076 2684 eius
1096 2627 1177 2686 vocis

137 2708 368 2784 significatione,
393 2725 479 2780 quam
502 2708 568 2778 ipse
591 2703 774 2763 statuendam
795 2707 964 2778 existumat,
987 2709 1175 2780 perpaulum.

137 2789 209 2850 Nun
230 2791 308 2849 euim
329 2789 447 2862 dubito,
475 2790 547 2860 quin
567 2777 606 2848 iia
629 2787 770 2859 particula
793 2783 971 2844 adverbum
995 2775 1080 2852 olom
1102 2795 1179 2851 anti..

139 2875 240 2946 quitus
260 2873 447 2948 pertinuerit
458 2869 505 2945 *),
540 2877 568 2928 et
596 2871 724 2942 primum
754 2871 879 2944 aliquam
906 2873 1018 2944 perse
1046 2876 1178 2934 enuntia-

140 2955 257 3014 tionem‘
273 2953 419 3029 elleeerit,
448 2961 480 3010 ut
506 2953 569 3012 scre
595 2951 651 3010 lroc
677 2949 732 3010 hac
756 2945 896 3028 particula
923 2951 1046 3012 dicaturc
1078 2961 1104 3016 si
1131 2975 1178 3017 rer

138 3041 211 3096 esset
232 3043 282 3096 aut
303 3035 398 3110 ficum,
424 3035 500 3110 qnod
521 3055 573 3094 uos
592 3035 738 3094 dicamusr'
765 3041 844 3096 codro
859 3055 897 3107 cs,
923 3047 986 3095 eutr
1009 3037 1088 3111 fiolis,
1110 3041 1176 3102 velt

136 3113 367 3180 emmerammus
389 3120 483 3188 Fullo,
512 3117 693 3192 dutreffcudcrt
717 3119 806 3178 Folle.
848 3117 926 3178 Hinc
950 3129 1069 3195 optume
1088 3126 1176 3184 etiam
1247 3172 1251 3178 .

24 3261 26 3264 ,
131 3195 327 3280 intellegitur,
348 3221 400 3260 cur
418 3203 468 3260 illu
488 3202 628 3275 particula
648 3235 686 3247 —-
707 3200 748 3277 id,
767 3205 800 3260 iu
817 3223 874 3278 quo
887 3205 950 3262 lere
962 3222 1064 3284 curuos
1078 3227 1176 3284 gram

137 3288 234 3344 malici
255 3284 449 3360 consentiunt,
473 3285 509 3343 cf.
532 3283 690 3362 Hartungii
709 3284 817 3344 librum
838 3285 896 3346 vol.
919 3285 960 3346 ll.
982 3309 1012 3362 p.
1036 3295 1110 3349 220.
1134 3325 1172 3338 -

137 3387 263 3445 semper,
283 3370 361 3444 quod
382 3389 447 3428 esse
470 3375 520 3428 aut
542 3367 609 3428 fieri
629 3369 751 3444 dicatur,
774 3369 864 3428 idad
885 3371 1010 3443 aliquam
1032 3371 1176 3432 condicio·

137 3471 216 3528 nem,
238 3473 255 3510 a
276 3471 335 3526 qua
354 3450 410 3510 lroc
429 3451 564 3526 pendeat,
585 3461 709 3511 revocet.
751 3450 812 3511 Sed
833 3451 950 3512 difficile
971 3463 1015 3510 est
1032 3456 1176 3514 rationem

137 3539 244 3612 ipsam,
265 3555 323 3610 qua
344 3530 485 3608 particula
506 3541 567 3592 ortu
581 3535 681 3607 luerit,
697 3541 845 3610 praestare
862 3545 950 3608 atque
965 3553 1064 3594 aarum
1077 3557 1176 3600 rorum

121 3622 281 3696 ‚originem
300 3618 452 3694 explorate
472 3619 616 3693 cognitam
638 3617 715 3680 velle
734 3617 862 3691 habere,
884 3623 1005 3700 §numm
1027 3621 1187 3696 significo-⁸

138 3703 248 3764 tionem
270 3701 387 3777 quidem
410 3703 554 3776 possimus
576 3719 765 3782 pernoscere,
788 3703 910 3780 originis
932 3713 1029 3764 autem
1051 3705 1174 3778 vestigia

137 3789 191 3848 rix
211 3787 340 3844 minum
358 3791 552 3866 compereunt.

206 3974 237 4048 ⁸⁸)
266 3985 308 4032 In·
321 3985 386 4032 liano
406 3947 575 4052 suspicionem
596 3983 645 4032 iam
669 3979 746 4032 rideo
771 3979 846 4030 etiarn
870 3981 903 4029 V.
921 3981 981 4030 Chr.
998 3980 1041 4030 Fr.
1060 3977 1173 4030 nostium

137 4051 258 4102 incidisse
282 4053 309 4100 itt
333 4052 439 4100 Dammii
467 4052 560 4100 err'oo
579 4046 887 4098 florererr'oo-Pr'ndttrr'co
904 4065 932 4116 p.
950 4049 993 4100 91.
1016 4057 1043 4099 et
1064 4049 1174 4099 fortem

138 4119 413 4184 ullelouo'eofiuoioo
429 4117 640 4172 demontrat
658 4115 814 4180 petefllu*
918 4184 965 4239 7*
