2902 4586
580 228 713 310 etta
1123 199 1195 314 α’

118 409 220 474 locum
234 416 314 472 recte
329 410 440 486 accepit
455 407 574 484 quidem
589 406 629 472 R.
642 406 805 474 Kiilsueroe
821 411 842 470 l.
859 433 884 471 c.
901 351 962 474 sol.
972 366 1021 474 ll.
1037 435 1069 490 p.
1080 412 1168 493 465„

120 517 214 573 quom
251 495 329 556 dixit
368 493 540 570 particulam
578 514 646 578 αρα
686 494 873 570 signiticaret
916 501 958 556 Er
1001 517 1065 558 mor
1104 517 1167 558 oso

120 581 191 640 cleo
211 579 317 640 cioocol
337 597 386 648 so,
416 576 470 638 aed
495 576 618 639 debebat
644 579 741 640 temen
769 577 820 638 ille
844 575 988 640 declarare
1010 591 1100 657 quem
1126 581 1166 642 ad

92 662 242 724 ‘modom
268 681 323 737 per
345 661 515 736 particulam
540 647 608 743 ἷὶρα
630 658 703 736 lroc,
733 659 812 737 quod
833 661 939 722 nomm
960 681 1026 724 cese
1049 663 1165 742 dicitur,

116 745 278 807 deducatur
299 764 340 804 ex
359 746 413 819 iia,
435 763 511 817 quae
534 753 619 804 autea
641 744 716 804 dicta
737 753 813 804 eunt.
852 741 931 806 Nam
952 745 1022 806 illae
1042 749 1164 824 bmfiae,

118 850 199 906 quoe
221 850 239 889 u
260 825 344 888 Circe
367 825 491 887 domitae
513 835 614 904 erent,
637 847 699 887 non
721 828 878 905 adgressae
899 836 969 890 sunt
988 832 1087 907 viros,
1112 827 1166 892 sed

59 911 63 920 “
117 913 163 990 id,
186 912 265 987 qnod
286 914 340 986 eis,
361 930 437 994 quae
456 918 578 986 propter
596 913 757 988 mitigatam
779 923 911 971 naturam
931 933 992 971 non
1010 913 1165 990 adgredie-

116 999 223 1058 bentur
242 994 387 1069 homiues,
409 1003 635 1055 consentaneum
651 1002 722 1072 erut,
746 997 888 1072 lecerunt,
908 1003 941 1055 ut
955 995 1053 1072 longis
1065 997 1164 1058 cerdis

118 1080 271 1140 adulantes
291 1087 455 1155 surgerent.
495 1075 560 1140 Nec
579 1079 665 1140 aliter
687 1078 876 1156 explicandas
899 1087 942 1146 est
960 1079 1014 1142 ille
1033 1080 1114 1142 locus
1127 1083 1162 1142 in

118 1169 223 1237 nyma.
249 1168 281 1224 io
305 1167 438 1222 Venerem
464 1183 495 1223 u.
524 1166 544 1223 9
572 1182 638 1238 sq.,
668 1165 719 1224 ulti
744 1170 898 1239 postquam
925 1171 1015 1240 poeta
1040 1167 1162 1242 noterit

116 1250 250 1324 pottu'ose
271 1267 289 1308 e
308 1243 430 1308 Venere
449 1245 515 1306 lulli
535 1243 715 1323 Mineruam,
736 1250 780 1308 sio
799 1247 948 1323 loquitorc

259 1375 299 1432 ol
316 1375 369 1450 γάρ
388 1376 415 1432 ol
432 1370 533 1432 stato
549 1375 618 1447 ἔργα
635 1371 811 1449 πολυχρύσου
825 1373 998 1448 Ἀφροδίτης,

254 1443 310 1500 ttt‘
332 1441 386 1518 ἄρα
403 1445 431 1500 cl
447 1440 567 1515 πόλεμοί
583 1463 611 1499 re
628 1441 699 1501 ἅδον
714 1448 761 1498 aot
778 1445 863 1518 ἔργον
874 1443 990 1526 ᾊρηος.,

119 1567 179 1646 quo
201 1571 234 1629 ln
252 1568 317 1630 loco
336 1567 477 1658 particula
498 1553 564 1650 ἔρα
584 1565 658 1630 illud
678 1567 835 1644 significat,
857 1565 936 1644 quod
953 1587 994 1628 ex
1012 1587 1059 1646 eo,
1080 1565 1161 1643 quod

118 1652 275 1734 Minervae
301 1673 374 1726 opus
404 1647 536 1710 Veneris
566 1673 625 1712 non
656 1649 785 1726 placeat,
811 1654 851 1710 ait
879 1654 908 1712 ei
935 1651 1006 1711 deae
1034 1671 1158 1714 consen-

118 1745 254 1798 taneum:
275 1735 359 1794 nullo
380 1743 476 1794 autem
495 1731 582 1792 modo
603 1733 677 1796 illud
697 1737 882 1810 exprimitur,
901 1732 980 1814 quod
999 1735 1060 1795 volt
1079 1733 1158 1798 Ilar-

119 1821 254 1896 tuugius‚
290 1821 398 1878 mirum
429 1837 494 1877 esse
527 1819 638 1892 virgini
666 1817 782 1891 placere
813 1837 902 1890 opera
931 1813 1048 1877 Martis.
1108 1815 1159 1876 Sic

119 1903 249 1976 denique
268 1902 378 1978 legitur
397 1900 475 1974 apud
495 1897 674 1976 Sophoclem
693 1901 726 1959 in
745 1898 860 1960 chorios
880 1901 1010 1960 armine
1025 1901 1158 1962 noscitu

118 2007 149 2051 r.
174 1990 236 2048 498
256 2005 326 2061 sqq.
347 1983 394 2044 ed.
417 1981 522 2046 Herm.
1015 2023 1022 2030 -

253 2115 311 2169 Kal
330 2111 362 2169 acl
380 2111 527 2186 privioria

252 2185 389 2307 ”llll
405 2179 705 2304 {53.³l.⁰’t.lt⁰.⁷‘⁰“'
722 2176 872 2251 unum»,
892 2178 925 2238 ⁰¹³
941 2180 1023 2252 ²³⁷⁰*

156 2366 159 2374 .
253 2271 743 2406 {vlloorrddmruxrfrdcgropu'yolus·

207 2417 211 2426 ·
252 2387 308 2444 αλλ’
330 2390 376 2443 tut
395 2383 469 2440 rord'
489 2383 531 2458 αρ’
551 2404 657 2456 uratur

176 2523 178 2532 γ
253 2461 326 2518 τίνες
343 2451 483 2528 ἄμφίγυοι
499 2450 553 2527 πρὸ
570 2448 670 2528 γάμων
686 2451 752 2520 aut,

116 2609 176 2665 quo
204 2586 239 2646 in
263 2586 329 2646 loco
343 2583 412 2650 ,lucc
440 2583 512 2644 dicit
539 2585 676 2658 scriptor:
707 2587 830 2641 Deorum
855 2580 973 2653 fraudes
1000 2599 1058 2640 ooo
1084 2580 1156 2649 dico,

116 2672 226 2732 setl'otl
246 2672 323 2730 tuac
342 2673 485 2749 cpolupcm
502 2670 589 2740 ipitto
609 2674 659 2724 cto.
690 2667 712 2722 i.
736 2685 763 2722 c.
791 2663 828 2721 dc
852 2681 910 2735 qua
933 2662 979 2720 dir
1002 2663 1158 2720 omission

115 2775 164 2815 me
192 2754 249 2814 dici
276 2755 343 2811 iam·
365 2756 593 2808 cousentaneum
623 2753 679 2804 est.
732 2742 821 2824 Quod
849 2750 946 2802 autem
974 2741 1158 2822 Hertnngios

119 2838 215 2897 adfert
242 2831 452 2907 Xenophontis
480 2835 631 2888 ffcroacm
660 2848 721 2901 cap.
755 2834 783 2885 1.
806 2829 839 2898 δ.
869 2831 919 2884 13.
953 2818 1077 2900 Etncaec
1101 2815 1159 2888 οὖν

119 2911 161 2981 ltu
186 2912 270 2992 ἴσως
299 2909 359 2980 σύ·
396 2904 482 2976 'All’
506 2900 574 2996 ἄρα
595 2903 725 2994 ἔρχεται
746 2900 861 2984 αὐτοῖς
881 2902 1081 2971 τὰτοιαῦτα
1102 2902 1159 2971 καὶ

118 2995 208 3066 οἴκοι
229 2996 392 3080 μένουσιν,
414 3005 444 3056 et
463 2993 592 3054 Plutonia
613 2994 647 3052 de
666 3013 697 3053 rc
716 2993 828 3070 psrblioo
848 2993 900 3052 lib.
919 2989 960 3051 ll.
981 3011 1012 3067 p.
1031 2993 1102 3050 374.
1118 2989 1156 3052 Β.

116 3084 163 3144 ed.
185 3081 226 3142 H.
250 3079 354 3156 Steph.
378 3081 390 3156 l
394 3102 425 3154 p.
447 3084 506 3152 88,
529 3083 578 3136 13.
601 3075 648 3136 ed.
669 3074 803 3153 Bekk.]‚
833 3074 880 3136 luis
899 3079 932 3141 in
951 3076 1023 3135 locis
1046 3077 1072 3135 si
1094 3095 1156 3136 uon
1194 3093 1201 3106 ·

116 3165 298 3229 scribendam
319 3171 362 3224 est
385 3155 454 3225 ἄλλ’
477 3153 561 3247 ἆρα,
582 3159 662 3236 quod
682 3181 737 3237 per
757 3179 790 3220 se
812 3159 878 3221 fleri
899 3166 1010 3235 potest,
1033 3157 1086 3219 sed
1108 3179 1156 3218 re·

115 3251 266 3312 tineuduau
287 3248 334 3325 id,
362 3247 494 3322 quodie
519 3246 602 3304 libris
624 3247 839 3320 scriptumest,
862 3234 931 3306 ἀλλ’
955 3231 1039 3328 ὅρα,
1066 3245 1155 3301 ratio·

116 3338 219 3395 cinctio
241 3336 307 3407 iste,
329 3352 404 3406 quae
427 3331 590 3390 continetur
609 3328 752 3403 particula
771 3317 849 3409 ὅρα,
873 3325 960 3388 lucile
979 3328 1156 3399 agnoscitur.

115 3417 193 3480 Nam
213 3419 314 3492 priore
331 3415 395 3472 loco
415 3419 570 3488 postquem
582 3409 679 3470 Hiero
698 3415 867 3486 negaverat,
888 3426 976 3482 posse
997 3415 1157 3481 tyranuum

116 3501 153 3562 ad
172 3497 333 3576 spectacula
351 3499 417 3569 ipse
436 3495 591 3571 proficisci,
613 3495 736 3554 alterum
756 3493 814 3552 sibi
829 3491 898 3550 iecit
914 3488 1153 3566 respondentem:

110 3577 199 3650 'All’
224 3573 292 3666 ilco
315 3570 444 3661 ἔρχεται
466 3568 580 3649 αὐτοῖς
599 3573 796 3659 τὰτοιαῦτα
813 3567 870 3636 καὶ
887 3564 976 3636 οἴκοι
993 3568 1154 3643 μένουσιν,

116 3672 181 3732 aa.
205 3667 261 3726 Scd
280 3662 363 3723 catus
382 3665 426 3718 ilo
447 3662 626 3732 commoratio,
647 3676 754 3733 nempe
776 3664 808 3718 ut
827 3677 889 3716 nou
906 3657 1021 3732 possint
1035 3656 1156 3732 tyranni

115 3751 264 3830 proficisci
295 3743 333 3805 ad
358 3761 407 3804 res
437 3738 625 3815 spectandas,
654 3741 822 3815 adfero-otor
850 3741 910 3798 illis
936 3737 1010 3796 tulto
1030 3747 1057 3794 ct
1079 3737 1156 3794 dmot

117 3843 242 3905 mouerat,
263 3830 397 3888 Platonis
419 3831 513 3884 autem
531 3823 635 3899 locum,
657 3826 682 3882 si
702 3813 767 3904 tipo
785 3819 959 3882 servendum
975 3826 1060 3893 esset,
1078 3824 1156 3877 recte
1216 3817 1219 3826 '

117 3921 179 3982 iam
200 3915 233 3976 G.
255 3913 293 3972 Ε.
316 3909 350 3971 G.
372 3905 568 3970 Schneiderus
592 3928 622 3982 p.
645 3911 715 3965 171.
737 3908 780 3963 ita
801 3908 1006 3976 interpretatus
1028 3910 1085 3960 est:
1114 3903 1155 3960 Al

118 4005 254 4063 craciaco
282 3998 398 4071 (possis
425 3994 512 4052 etiam
538 3987 762 4068 immodicum,
789 3986 841 4050 sed
861 3984 1003 4062 particula
1023 3990 1156 4046 colustrum

119 4087 207 4146 ctiam
235 4088 344 4158 spectat
371 4077 408 4138 ad
434 4073 484 4154 aa,
514 4095 589 4152 quae
615 4080 683 4136 ante
710 4081 770 4132 acta
791 4073 894 4146 erunt)
922 4089 968 4130 ros
995 4075 1038 4132 ito
1065 4067 1155 4138 holo,
