2922 4592
664 85 689 132 δ
758 97 763 108 .

229 242 340 326 ’436
613 321 616 328 ¹
724 249 850 337 δῆτα.

234 445 243 452 ·
280 441 323 488 eo·
342 425 440 484 minos
468 418 633 480 mutandam
653 416 765 495 videri,
796 416 874 492 qnod
904 405 978 480 εἷ’θε
1010 415 1047 476 ab
1072 416 1174 477 eadem
1199 420 1316 495 origine

255 512 396 570 'ductum
425 506 545 579 dicitur,
578 501 656 576 qnod
687 503 746 559 iam
773 501 951 574 comparavit
976 497 1176 576 Hartnngins‚
1207 509 1237 561 et
1259 495 1318 588 δή-

280 595 393 656 ponec
421 588 523 648 eodem
551 584 635 644 modo
656 605 711 659 pro
732 576 905 667 δήπουθεν
927 586 1076 643 invenitur
1097 585 1175 658 apud
1195 583 1319 657 Annam

281 676 384 735 Comu.
415 693 443 745 p.
472 675 543 728 408.
572 665 607 726 C.
633 677 662 726 et
688 669 786 742 ipsum
814 664 917 740 δῗθε,
946 666 1135 743 ιιῑινίἆεῐυν,
1166 689 1183 725 a
1210 662 1319 726 Tzetza

281 761 345 816 tunt.
373 753 406 829 l,
436 757 508 810 892.
536 760 704 826 usurpatum
732 758 787 812 cst.
838 691 1021 808 l’osteriores
1050 751 1130 808 enim
1160 753 1318 824 scriptores

282 840 442 897 doctrinam
464 837 496 893 in
523 838 586 894 eius
608 833 685 893 modi
706 835 794 894 rebus
817 842 962 892 ostentare
983 833 1128 902 solebant,
1151 833 1218 890 ride
1234 831 1318 892 ‘Har-

283 923 414 996 tnnginm
436 918 495 977 vol.
525 916 550 976 l.
573 915 607 992 p.
637 921 707 974 318.
728 915 775 975 *L.
797 915 934 974 Dindorl'.
958 919 989 974 in
1011 913 1052 974 H.
1076 912 1219 988 Stephani
1243 917 1317 974 Tlcc-

283 1023 369 1063 sunto
394 1005 443 1061 Gr.
465 1001 577 1076 linpnnc
598 999 657 1062 rol.
679 997 719 1059 ll.
747 1021 777 1075 p.
803 1003 892 1058 1041.
916 997 954 1058 D.
978 1021 1005 1074 p.
1029 1001 1119 1062 1053.
1143 995 1183 1058 A.

289 1104 291 1115 ¹
328 1111 331 1138 t

715 1165 888 1290 ‘Apron

359 1331 437 1392 ‘Non
469 1335 565 1404 potest
598 1327 715 1385 dubium
747 1348 834 1402 esso,¹
865 1329 937 1402 quin
969 1325 1053 1410 δῆτα
1084 1327 1223 1402 particula
1257 1329 1322 1401 ipsa

287 1436 403 1492 quoque
426 1435 443 1471 a
464 1410 606 1487 particula
626 1406 666 1494 dr}
690 1411 773 1470 ducat
796 1413 957 1486 originem,
978 1420 1009 1468 nt
1031 1419 1139 1468 tanturn
1159 1408 1246 1468 modo
1267 1409 1322 1468 hoc

288 1497 484 1573 quaerendum
507 1514 572 1552 esse
601 1493 750 1568 rideatur,
780 1493 857 1552 unde
884 1495 997 1555 venerit
1022 1514 1098 1567 quae
1121 1493 1255 1551 adiuncta
1281 1503 1322 1551 est

238 1607 242 1624 =
288 1585 330 1644 ῐᾶ
360 1580 484 1656 syllaba.
526 1576 602 1634 Eam
635 1597 690 1654 ego
722 1597 810 1651 supra
832 1599 863 1651 p.
887 1583 938 1636 29.
961 1575 1024 1634 dixi
1047 1598 1111 1636 esse
1133 1579 1249 1652 generis
1272 1573 1324 1634 de·

289 1659 473 1722 t'nonstrativi
501 1660 674 1734 adferreque
696 1659 841 1733 quandam
864 1659 1115 1719 demonstrationis
1136 1659 1324 1734 significatio-

221 1778 225 1786 *
289 1768 367 1812 narn.
416 1742 451 1802 ld
479 1763 533 1818 ego
561 1763 638 1800 nunc
665 1763 726 1800 non
747 1744 911 1816 comprobo.
952 1741 1029 1803 Nam
1051 1746 1183 1802 etiamsi
1205 1741 1324 1815 deipsa

290 1827 521 1905 significatione,
544 1846 631 1898 quam
654 1823 741 1891 hahet
763 1826 839 1883 facta
858 1825 996 1900 particula
1016 1823 1116 1894 δ’ῑα,
1139 1828 1225 1883 etiam
1245 1844 1324 1882 nnnc

241 1945 250 1966 c
290 1916 323 1972 in
344 1909 445 1970 eadem
466 1910 609 1968 sententia
631 1930 709 1982 suni,
732 1917 827 1968 tamen
849 1907 934 1967 credo
956 1929 1010 1986 ego
1026 1849 1085 1968 alio
1103 1908 1228 1983 quodam
1237 1907 1325 1964 modo

273 2013 356 2054 ‘eam
377 1992 619 2067 significationem
640 1990 821 2066 adsumptam
841 2013 903 2050 csse
925 2014 942 2048 a
966 1993 1124 2066 particula,
1154 2002 1241 2066 atque
1260 1991 1327 2049 istic

291 2078 389 2140 statui.
433 2073 686 2133 Animadvertisse
712 2077 791 2132 enim
810 2073 883 2132 mihi
904 2075 1006 2134 videor
1027 2095 1087 2133 non
1109 2074 1146 2132 ad
1165 2093 1327 2148 pronomen

293 2157 552 2218 demonstrativum
573 2158 721 2230 pertinere
741 2157 824 2216 illam
846 2157 990 2234 syllabam
1012 2161 1073 2233 ῖὰ,
1102 2155 1153 2218 sed
1173 2159 1269 2230 potins
1291 2154 1328 2213 nd

292 2261 456 2318 pronomen
481 2239 675 2299 indefinitum.
718 2235 811 2317 Quod
835 2248 864 2299 et
890 2261 961 2302 usus
987 2247 1016 2300 ct
1037 2241 1112 2299 ratio
1135 2241 1201 2314 ipsa
1223 2238 1328 2298 confir·

293 2345 375 2384 mare
397 2322 520 2383 videtur.
561 2321 611 2380 Ac
633 2321 670 2382 de
692 2325 806 2382 ratione
829 2323 947 2397 quidem
967 2325 1010 2384 sic
1033 2322 1149 2383 lrabeto.
1187 2318 1329 2381 Vidimus

295 2407 331 2466 ad
352 2403 522 2482 particulam
543 2399 584 2488 δὴ
608 2427 671 2464 cunr
693 2426 853 2480 pronomen
876 2407 1061 2466 indefinitum
1088 2407 1237 2480 lubenter,
1268 2415 1330 2463 turn

287 2490 450 2566 ¹particulas
476 2491 512 2547 alr
542 2488 644 2547 eadem
670 2498 720 2547 ant
742 2489 832 2548 simili
855 2491 969 2565 origine
996 2490 1092 2548 ductas
1113 2487 1330 2562 adhaerescere,

211 2593 213 2603 ’
291 2585 327 2632 ‘nt
350 2566 389 2656 δή
414 2593 481 2648 τις,
514 2562 554 2655 δή
577 2592 626 2649 τι,
659 2565 699 2655 δή
722 2592 790 2648 coc,
818 2564 859 2656 δή
888 2593 956 2636 που
987 2582 1017 2632 ct
1039 2593 1113 2648 quae
1136 2580 1203 2632 sunt
1223 2569 1332 2630 similia

296 2649 443 2730 dicantur,
474 2674 532 2728 quo
558 2655 646 2714 etiam
675 2655 827 2730 quadrabit
854 2655 929 2716 illnd
955 2652 1057 2738 δῆτα,
1089 2657 1116 2716 si
1139 2657 1333 2730 posteriorem

296 2740 442 2815 syllabam
468 2758 635 2805 revocamus
662 2737 699 2796 ad
725 2759 886 2814 pronomen
913 2737 1114 2813 indefinitum,
1142 2736 1222 2812 qnod
1252 2745 1349 2796 recte1

296 2825 363 2880 fieri
385 2841 469 2896 posse
490 2821 614 2882 videtur.
656 2819 725 2881 Non
744 2824 824 2879 enim
844 2821 968 2879 dubitari
989 2832 1101 2897 potest,
1124 2824 1196 2896 quin
1215 2831 1334 2895 praeter

297 2901 365 2979 τίς,
397 2895 504 2977 τινός,
527 2897 614 2978 τινί,
645 2896 718 2966 τινά
743 2907 830 2963 etiam
860 2903 919 2962 alia
939 2905 1033 2964 forma
1059 2907 1122 2964 eius
1148 2905 1333 2980 pronominis

229 2987 239 3002 '
298 2991 419 3059 antiquo
445 2995 576 3058 tempore
602 2988 635 3044 in
659 3007 714 3044 usn
738 2988 845 3060 inerit,
873 3008 948 3061 quae
977 2989 1032 3047 tuit
1053 2981 1127 3062 τός,
1156 2987 1233 3046 unde
1261 2978 1333 3060 τού,

271 3091 283 3096 ·
299 3061 359 3150 uqi,
391 3089 430 3126 ex
462 3087 520 3140 qno
548 3061 601 3129 col
627 3070 784 3144 particula,
817 3071 842 3127 si
871 3091 906 3128 ea
926 3081 971 3130 est
992 3072 1142 3146 enclitica,
1172 3069 1256 3128 ducta
1278 3078 1334 3144 est,

193 3173 200 3186 ¹
299 3151 445 3209 manserit.
486 3147 538 3208 Ab
564 3148 619 3208 hac
647 3150 741 3209 l'orma
764 3154 851 3210 etiam
878 3153 952 3211 illud
975 3159 1016 3216 ἴα
1036 3154 1152 3213 videtur
1173 3154 1336 3227 profectum

297 3253 379 3308 csse,
407 3239 439 3290 nt
467 3231 499 3290 id
525 3232 655 3291 adverbii
676 3236 769 3292 ricem
788 3232 894 3294 lrabeat
911 3247 1072 3318 augeatque
1093 3239 1155 3296 vim
1177 3232 1217 3319 δὴ
1239 3237 1336 3310 parti·

291 3317 388 3394 *culae
441 3313 481 3373 Et
510 3314 546 3374 de
579 3318 692 3375 ratione
714 3317 831 3390 quidem
853 3317 1001 3378 hactenns.
1043 3318 1113 3382 Non
1134 3322 1230 3378 minus
1253 3321 1336 3377 enim

297 3421 365 3458 usus
388 3408 516 3458 nostram
541 3401 683 3458 rationem
708 3401 895 3475 comprobare
918 3400 1043 3462 videtur.
1085 3401 1221 3476 Namque
1243 3403 1276 3460 in
1297 3421 1337 3460 eo

298 3503 399 3542 omnen
432 3484 631 3559 consentiunt,
667 3479 751 3567 δῆτα
778 3485 948 3559 particulam
982 3487 1024 3542 ita
1053 3494 1205 3560 cognatam
1237 3483 1336 3542 videri

299 3587 364 3624 cnm
396 3559 436 3648 dr}
458 3566 615 3642 particula,
651 3573 683 3623 nt
710 3587 810 3625 reram
842 3589 875 3628 ac
901 3570 1050 3642 propriam
1072 3569 1151 3626 illius
1174 3567 1339 3642 particulae

299 3648 538 3724 significationem
563 3651 604 3707 sic
625 3648 772 3708 adauctam
796 3649 949 3726 exhibeat,
977 3662 1006 3708 ut
1030 3651 1256 3710 confirmationis
1282 3649 1340 3708 ali·
1447 3669 1448 3730 l

299 3732 370 3808 qnid
400 3732 553 3790 accessisse
575 3731 716 3790 videatur.
764 3731 826 3794 luta
846 3743 942 3793 autem
967 3734 1166 3810 confirmatio,
1194 3752 1280 3808 quern
1298 3732 1353 3813 ad!

299 3815 417 3874 modum
437 3835 477 3874 ex
499 3817 673 3889 pronomine
695 3815 921 3878 demonstrativo
943 3819 1021 3888 nasci
1042 3820 1152 3892 potuit,
1177 3820 1219 3877 sic
1239 3819 1341 3891 potuit

300 3901 438 3957 etiarn-e
467 3901 640 3972 pronomine
668 3899 831 3959 indefinito.
879 3897 957 3959 Illud
987 3902 1066 3959 enim
1090 3903 1150 3960 iam
1177 3899 1341 3974 aliquoties
1447 3964 1448 3983 χ

281 3982 505 4056 cognovimus,
527 3980 645 4055 siquid
669 4003 786 4057 quoquo
807 3982 893 4043 modo
913 4003 995 4060 esse,
1018 3983 1068 4043 sed
1089 4004 1152 4043 esse
1170 3993 1269 4041 'tamen
1291 3981 1342 4040 di-

299 4074 394 4138 catur,
422 4062 454 4121 id
482 4065 588 4124 certius
605 4066 677 4148 iam
699 4085 766 4128 esse
785 4065 892 4128 rideri.
934 4065 980 4126 lta
1004 4069 1094 4128 etiam
1115 4065 1199 4150 δῆτα
1220 4063 1343 4130 ridetur
