2872 4584
171 247 618 340 «558
762 242 957 316 ἔστι·

297 433 357 479 tum
379 417 623 494 Xenophontem,
651 420 702 493 qni
728 416 761 476 ln
783 419 968 516 ΕιιοοιΙΙΙΙοιω
990 414 1066 492 Gpri
1079 419 1130 479 lib.
1152 417 1191 482 ll.
1210 442 1281 522 ,cap
1302 425 1331 481 5.

298 511 327 577 §.
353 513 402 564 30.
425 507 536 564 scribit·
560 496 670 565 ‘Odi
678 494 882 605 Κλέαρχος’
870 503 1012 604 ισχορῶς
1033 499 1230 575 κατέτεινεν,
1259 498 1331 568 ἐστι
1417 569 1418 582 ,

299 584 503 688 διεπράξατο
534 582 632 649 πέντε
658 577 719 662 μὲν
739 579 941 667 στρατηγοὺς
962 573 1061 656 εἶναι,
1090 579 1255 650 alienorde*
1278 586 1332 650 lo·
1417 595 1418 600 ’

296 665 429 750 χαγούς.
453 679 482 729 et
503 669 612 728 ibidem
633 605 685 725 lib.
707 666 761 726 ΙΙΙ.
782 688 843 740 cap.
867 674 894 728 l.
916 672 945 739 §.
965 673 1016 725 28.
1056 658 1153 731 Tc
1117 681 1177 738 ουκ
1195 662 1331 770 ετοιήσε

298 751 456 855 πρέσβεις
482 749 624 854 πέμπων
652 745 709 812 καὶ
736 743 883 823 σπονόας
910 743 1011 812 αἰτῶν
1037 746 1103 813 nni
1116 748 1270 832 παρέχων
1290 750 1330 815 τὰ
1417 823 1418 828 ¹

298 829 531 936 ἐπιτήδεια,
517 831 590 898 ἐστι
612 826 825 894 orrovdriv'
803 853 930 913 ετνχεν,·
962 831 1009 891 Ac
1039 836 1083 892 sic
1111 834 1216 892 dicitur
1246 839 1347 893 etiam·
1417 869 1418 872 =

300 913 386 989 ἐστι,
418 921 442 976 si
464 917 578 991 qnando
601 935 684 992 quum
707 917 755 973 diu
776 913 883 972 Latine
905 907 1083 974 reddendum
1105 927 1164 989 est,
1187 919 1308 976 veluti
1300 941 1331 976 ιιι
1413 983 1418 1004 .

298 999 523 1104 Xenophontis
535 999 767 1058 Mcurornbi-ltbus
796 1001 923 1056 Socratis
953 998 1004 1056 lib.
1026 998 1051 1056 l.
1081 1020 1144 1074 cap.
1168 1009 1198 1059 2.
1229 1005 1258 1073 §.
1284 1008 1330 1060 18.

302 1075 395 1146 Οἶδα
412 1082 447 1147 do*
467 1076 604 1146 κάκείνω
617 1076 863 1180 σωφρονοῦντε,
887 1073 960 1142 ἔστι
975 1078 1145 1162 §orooro
1132 1077 1331 1201 συνήστην,

298 1157 338 1228 οὗ
358 1163 563 1268 φοβουμένω
581 1186 626 1264 μη
617 1153 854 1257 ζημιοῖντο)
834 1186 850 1222 r
872 1161 1061 1226 παίοιντο
1045 1161 1109 1228 ωτι)
1127 1163 1330 1263 Σωκράτους,
1417 1179 1418 1188 ’

297 1240 366 1312 dtt'
399 1243 540 1326 οἰομένω
567 1241 642 1308 τότε
668 1239 842 1326 κοάτιστον
870 1234 954 1308 Ιεἶναι
981 1247 1079 1310 τοῦτο
1106 1243 1276 1349 πράττειν.
1303 1261 1331 1307 et

296 1335 329 1391 in
354 1331 480 1391 Arriani
481 1331 616 1432 fflEcpcd
643 1330 727 1386 Alac-
755 1329 807 1390 lib.
833 1325 875 1385 ΙΙ.
902 1349 965 1402 cap.
990 1337 1038 1388 ll.
1064 1335 1092 1402 §.
1114 1337 1143 1389 8.
1181 1323 1331 1405 Ἀλέξων

297 1413 377 1496 ὄρος
397 1409 458 1495 γὰρ
478 1407 554 1475 ἔστι
574 1407 635 1488 μὲν
656 1403 745 1494 φάος
764 1399 811 1494 ἦν,
834 1400 897 1472 ἅνὰ
914 1404 1035 1514 κράτος
1052 1409 1195 1476 ἐδίωκεν.
1224 1413 1264 1471 Et
1280 1413 1330 1472 hac

297 1497 416 1570 quidem
441 1495 654 1570 significatione
685 1511 773 1566 saepo
801 1514 922 1552 numero
946 1487 1028 1551 nd'
1006 1515 1079 1558 εστε
1103 1491 1313 1570 adiungitnr’
1293 1519 1331 1557 αν

126 1580 245 1639 ”Εοι’“
229 1603 265 1638 αν
291 1580 438 1653 porticula
466 1590 494 1636 et
522 1578 624 1635 dicitur
649 1567 717 1638 ἓστ>
745 1568 784 1638 dv
810 1597 874 1634 curn
896 1576 1061 1638 indicativo
1088 1583 1252 1654 praeteriti,
1281 1581 1330 1637 nbi

116 1657 280 1738 Μῇῐὶὼθᾶ·
297 1654 468 1736 sirnplex’
454 1655 527 1724 ε’στε
554 1659 590 1717 ad
620 1661 794 1718 sententiam
815 1661 883 1718 satis
906 1681 968 1717 esse
990 1661 1132 1719 videatur.
1176 1660 1210 1719 ld
1231 1684 1330 1736 quam·

85 1765 112 1788 ³
165 1734 229 1774 ¹¹¹⁰·
297 1766 385 1818 qnam
415 1760 510 1818 nuper
532 1746 620 1800 etiam
644 1744 804 1800 novissumi
825 1743 948 1800 editores
970 1741 1113 1802 Thesauri
1137 1741 1330 1818 Stephauiaui

295 1829 355 1887 vol.
375 1825 430 1885 Ill.
454 1849 483 1902 p.
506 1823 598 1886 2099.
624 1807 662 1882 Β.
683 1827 826 1882 soloecurn
851 1846 912 1882 esso
933 1829 1208 1900 pronuntiaverunt,
1231 1836 1331 1884 tamen

296 1920 354 1968 tam
375 1911 544 1981 frequenter
565 1905 687 1966 habetur
706 1911 737 1966 in
759 1911 872 1982 scriptis
894 1929 1029 1968 maxume
1051 1912 1244 1982 posteriorum
1262 1911 1332 1967 scri·
1417 1901 1418 1912 ¹

296 2001 429 2068 ptornm,
453 2002 482 2050 ut
504 1999 611 2055 temera
633 1998 700 2066 agat
721 1993 773 2064 qui
794 2012 833 2050 ex
855 1993 989 2050 omuibus
1010 1992 1083 2051 locis
1104 1993 1133 2049 id
1155 1993 1258 2051 tollere
1282 2013 1331 2049 va·
1417 2051 1418 2060 ¹

205 2077 207 2080 ’
296 2079 347 2148 lit,
373 2077 544 2148 praesertim
573 2095 637 2130 cum
666 2073 766 2131 eadem
794 2077 968 2137 constructio
991 2086 1018 2132 et
1042 2078 1072 2132 Ιιι
1095 2075 1161 2134 aliis
1172 2075 1330 2149 particulis
1417 2065 1418 2120 l

296 2158 420 2216 admissa
438 2161 484 2231 sit,
501 2178 557 2229 qua
577 2155 612 2212 de
630 2175 661 2214 re
678 2155 744 2214 vide
758 2177 832 2230 quae
846 2177 932 2230 supra
948 2179 975 2231 p
989 2162 1049 2216 468
1065 2179 1130 2231 sqq.
1146 2161 1176 2215 iu
1195 2153 1251 2219 ἐὰν
1267 2178 1332 2230 par-

208 2315 210 2320 ,
296 2242 381 2298 ticnla
403 2240 546 2314 explicata
567 2247 648 2311 sunt,
678 2241 740 2297 et
731 2260 764 2295 ιιι
785 2239 837 2296 hac
861 2241 977 2312 quidem
1002 2243 1141 2313 particula
1163 2243 1238 2298 ratio
1261 2241 1332 2298 faci·

293 2324 332 2380 lis
356 2323 438 2381 reddi
460 2331 545 2424 queat
567 2342 655 2396 quam
678 2321 759 2377 ob
738 2342 796 2378 rem
820 2314 886 2382 ἔστ’
912 2314 950 2383 dv
973 2326 1068 2396 potius
1088 2344 1150 2381 cunr
1175 2323 1333 2382 indicativo
1417 2331 1418 2342 ¹

295 2427 383 2480 quam
406 2397 475 2468 εστ’
500 2396 540 2465 Ιιν
563 2425 626 2462 cum
649 2406 831 2464 coniunctivo
853 2426 960 2477 ponere
986 2407 1104 2464 rnallent
1128 2409 1238 2480 optumi
1262 2410 1343 2464 scri-.

296 2499 407 2564 ptores
439 2486 516 2546 lllud
539 2491 615 2546 enim
637 2488 697 2544 iam
715 2507 804 2559 supra
827 2485 1029 2558 explicavi,
1014 2483 1085 2558 edo,
1105 2483 1185 2550 o'wp
1206 2491 1332 2547 similes.

295 2593 353 2646 que
374 2573 527 2646 particulas
549 2582 607 2627 tum
630 2580 707 2628 recte
725 2591 788 2627 cum
809 2571 968 2628 indicativo
987 2573 1115 2629 construi
1137 2575 1283 2646 potuisse,
1305 2574 1333 2631 si

227 2721 231 2730 Ι
295 2659 361 2728 qnis
390 2675 447 2712 uon
475 2664 531 2713 tarn
559 2657 705 2711 internam
730 2674 824 2710 rerum
849 2653 1044 2712 condicionem
1059 2666 1333 2729 uuam-externam

278 2741 432 2812 *temporis
454 2736 675 2812 descriptionem
697 2757 806 2810 ponere
829 2737 932 2794 vellet:
957 2737 1034 2809 quod
1055 2740 1103 2795 ubi
1124 2739 1224 2810 fieret,
1245 2737 1333 2810 illud,

295 2821 373 2895 quod
393 2823 497 2879 incerti
519 2813 716 2895 dependente
738 2819 885 2895 adferret,
908 2820 969 2877 dixi
990 2823 1141 2878 terminari
1162 2824 1192 2877 in
1215 2823 1277 2892 ips'a
1301 2821 1335 2876 vi

293 2905 469 2978 particulae,
499 2923 622 2976 quacum
643 2905 801 2976 composita
824 2911 916 2975 esset,
940 2923 1003 2960 cum
1026 2915 1139 2979 contra,
1162 2909 1186 2960 si
1208 2906 1334 2960 coniun-

294 2989 399 3044 ctivum
426 3005 571 3059 poneres,
596 2989 712 3042 interna
737 2989 780 3042 rei
808 2950 937 3042 ιοιιιΙΙιΙο
963 2985 1086 3044 describi
1110 2946 1193 3044 nbhis
1218 2987 1334 3042 ridere-

294 3078 351 3124 t.nr
395 3067 557 3124 Externum
576 3078 672 3126 autem
693 3069 829 3140 temporis
851 3067 1075 3141 descriptionem
1097 3076 1219 3143 apparet
1239 3071 1336 3142 potis-

267 3155 271 3165 “
293 3169 408 3210 ssimum
431 3148 525 3206 locum
547 3148 686 3216 habere
676 3171 708 3206 ιιι
729 3142 803 3211 ἔστι
824 3152 982 3222 particula:
1005 3154 1101 3224 itaque
1121 3151 1224 3224 quod
1215 3174 1247 3207 ιιι
1264 3152 1335 3208 aliis

194 3293 197 3296 ,
293 3233 445 3306 particulis
462 3236 555 3290 rarius
580 3232 734 3290 admissum
760 3244 819 3306 est,
849 3233 998 3291 videtnr‘’
988 3255 1019 3290 ιιι
1043 3233 1096 3292 hac
1118 3234 1259 3306 particula
1286 3234 1335 3290 di·

292 3317 377 3380 cendi
400 3315 608 3374 consuetudine
629 3335 704 3388 pene
725 3273 896 3388 legittimum
918 3317 1025 3373 sactum
1048 3324 1129 3390 esse,
1152 3324 1183 3372 nt
1206 3307 1271 3376 ἐστ’
1292 3307 1338 3374 dn

293 3421 358 3456 cum
379 3399 540 3457 indicativo
561 3396 714 3470 diceretur,
738 3400 786 3455 nbi
811 3408 931 3456 externa
957 3407 1068 3456 tantum
1086 3419 1183 3456 rerum
1198 3397 1336 3454 condicio

293 3489 484 3556 spectaretur,
506 3503 570 3540 cum
588 3471 772 3538 coniunctivo
794 3493 888 3538 arrtem
910 3490 969 3538 tum
992 3473 1061 3538 illae
1082 3481 1238 3556 particulae
1262 3501 1338 3538 con·

166 3579 168 3590 ⁴
221 3602 225 3608 κ
291 3566 498 3638 iungerentur,
517 3566 577 3621 ubi
604 3567 720 3621 iuterna
743 3583 839 3620 rerum
866 3567 1028 3622 coniunctio
1049 3564 1220 3621 declaranda
1242 3573 1337 3621 esset.

292 3643 328 3704 Si
351 3650 417 3720 quis
441 3654 536 3704 antem
557 3654 691 3719 quaerat,
721 3667 772 3704 cnr
791 3649 822 3702 in
844 3643 890 3704 his
912 3648 983 3714 locis
1008 3644 1113 3705 Graeci
1135 3667 1194 3703 non
1217 3645 1339 3704 malue-

269 3763 270 3772 ι
292 3732 352 3786 rint
374 3722 448 3791 ε’στε
469 3729 640 3801 simpliciter
660 3749 782 3801 ponere,
805 3749 891 3802 quam
912 3732 1152 3788 constructionem
1171 3715 1255 3786 istam
1280 3730 1340 3784 rni-

292 3833 349 3871 nus
366 3813 500 3914 mitatem
516 3810 679 3884 admittere,
703 3814 730 3876 ei
750 3810 806 3868 ho'c
822 3811 1055 3886 respondendum
1069 3812 1233 3883 videtur,
1211 3831 1234 3868 ιι
1254 3802 1340 3871 ἐστε

293 3897 358 3954 sine
383 3888 422 3956 dv
443 3896 582 3993 porticula
607 3904 747 3967 ponatur,
761 3896 914 3952 terminum
936 3895 1019 3952 illurn
1044 3896 1106 3954 siue
1129 3895 1188 3950 ullu
1208 3897 1341 3950 circnm-

292 3971 446 4048 scriptione
468 3979 556 4050 poni,
578 3997 654 4033 nunc
675 3985 770 4034 antem
791 3975 822 4033 id
845 3979 979 4076 quidem,
1002 3978 1078 4055 qarod
1099 3977 1240 4038 indicetur
1267 3996 1343 4048 par·

265 4070 268 4073 ’
292 4059 391 4132 ticula,
430 4058 467 4114 ad
493 4060 704 4132 experientiam
730 4059 863 4131 apposita
891 4051 930 4122 dn
957 4062 1099 4133 particula
1125 4060 1275 4132 revocari,
1309 4069 1345 4116 et
