2900 4584
281 225 349 295 2³4·
756 221 851 313 γάρ.

257 387 261 392 ’
283 388 516 475 κατακείμενος
537 388 593 457 καὶ
614 386 789 456 καθεύδων
810 389 845 458 e’v
865 393 913 478 τῷ
934 389 1034 474 τείχει
1062 389 1120 458 tnt
1148 391 1331 480 φρυγάνων.

257 500 265 520 ’
282 477 339 544 καὶ
360 472 510 562 καλάμης
530 471 587 540 καὶ
609 477 797 559 capmansis·
820 475 857 558 cb
881 468 938 542 οὖν
960 470 1202 560 ἐσωζόμην
1223 475 1258 544 ἐν
1274 475 1320 544 si,

252 560 403 648 ’ρωνείᾳ
429 558 541 642 λέγειν,
572 568 601 617 ut
626 568 766 634 appareat
786 563 882 636 ipsum
902 562 1146 636 vim·particulae
1165 558 1229 643 γὰρ
1251 585 1318 640 cen«

280 649 421 706 clusinam
446 646 613 720 agnovisse.
654 641 804 720 Rectaque
830 650 896 721 ipse
921 645 1067 706 Dererius
1091 667 1121 720 p.
1143 646 1183 704 52
1205 668 1250 720 sq.
1278 651 1319 708 ita·

280 731 316 788 de
334 751 368 789 eo
390 731 452 787 loro
473 727 618 803 disseruit,
639 735 673 785 ut
690 724 752 812 γὰρ
772 749 812 787 ex
835 726 871 810 ys*
891 738 919 788 et
936 723 1002 812 siper
1016 736 1117 788 natum
1131 748 1196 790 esse
1212 730 1316 792 diceret

278 815 445 888 veterisque
472 811 644 871 scholiastae
675 822 860 887 praeceptum
887 815 1096 887 comprobaret.
1151 811 1234 872 Dicit
1260 817 1318 890 igi-

279 908 326 956 tur
349 897 403 954 illo
431 897 511 972 loco,
541 906 696 970 postquam
722 899 882 972 legatorum
909 895 1064 956 delicatula
1090 904 1123 954 ac
1143 898 1241 956 mollis
1261 901 1317 958 vita
1358 911 1360 914 '

278 991 413 1040 enarrata
435 988 488 1055 est,
512 979 700 1054 Dicaeopolis
722 978 792 1039 hocs
828 981 1006 1039 Vehementer
1025 986 1113 1056 ipitnr
1131 981 1252 1038 salntem
1271 987 1316 1040 in-

277 1065 421 1124 ueniebcm
443 1083 507 1139 epo,
532 1069 579 1140 qui
601 1069 702 1138 eperim
723 1069 830 1122 intereo
851 1064 998 1134 emmelina,
1021 1065 1130 1136 idest,
1151 1066 1178 1122 si
1200 1065 1316 1136 plenam

276 1150 411 1208 uolumus
432 1145 554 1205 reddere
575 1146 764 1205 senteutiam:
794 1150 829 1204 st
848 1166 909 1218 cos,
931 1152 980 1224 qni
1000 1146 1117 1206 delicate
1139 1151 1262 1218 viciatis,
1283 1150 1316 1206 de

275 1241 371 1291 oestro
399 1235 460 1289 cito
485 1233 700 1307 conquerimini,
731 1231 903 1310 veliementer
925 1234 1012 1305 ipitur
1035 1237 1107 1288 certe
1127 1249 1177 1305 epo
1197 1231 1316 1306 solumne

274 1314 449 1374 inveniebam
474 1347 524 1384 -,
551 1322 583 1372 ut
608 1333 659 1372 coe
678 1317 741 1371 inre
759 1319 838 1390 queri
856 1322 1003 1389 apparent.
1046 1311 1161 1372 Harum
1185 1317 1315 1372 enuntia·

277 1402 390 1457 tionum
409 1393 469 1456 non
489 1399 587 1472 posuit
600 1394 820 1470 Aristophanes
837 1398 895 1456 uisi
910 1391 1206 1471 midiam‚'quoniam
1220 1418 1320 1472 neque·
1364 1397 1367 1428 ·'

274 1484 374 1556 priore
395 1501 468 1556 opus
489 1488 566 1555 erat,
588 1482 657 1554 quia
683 1500 723 1537 ex
743 1479 998 1555 antecedentibus,
1020 1501 1079 1555 quo
1099 1479 1319 1555 Dicaeopolidis
1362 1509 1367 1516 ·

274 1567 369 1624 oratio
385 1567 554 1639 pertineret,
575 1565 734 1637 constabat,
754 1582 809 1628 nec
821 1566 968 1637 posterior
981 1565 1145 1624 necessaria
1156 1564 1320 1639 ridebatur,

275 1651 414 1722 quoniam
442 1668 528 1706 namo
555 1647 619 1706 sere
648 1654 764 1720 poterat
791 1647 882 1704 alium
908 1649 940 1704 in
968 1647 1092 1706 modum¹
1111 1647 1202 1722 illud,
1237 1650 1320 1722 quod·

274 1732 382 1790 dictum
401 1740 472 1806 erat,
494 1733 634 1804 accipere.
676 1727 712 1788 Si
733 1731 785 1789 alii
806 1732 981 1804 interpretes
1000 1733 1163 1790 recentiore
1186 1741 1314 1806 tempore

271 1817 510 1892 interrogationis
532 1816 649 1890 signum
668 1820 737 1889 post
757 1809 993 1891 κατακείμενος
1007 1823 1175 1890 posueruut,
1196 1815 1227 1872 id
1240 1815 1314 1876 nibil

272 1898 310 1962 ad
335 1899 504 1973 particulam
532 1899 649 1971 quidem
677 1893 740 1980 γὰρ
764 1896 1007 1972 interpretandam
1033 1900 1116 1972 facit,
1144 1899 1195 1958 sed
1217 1902 1315 1960 minus

273 1990 371 2040 nmen
391 1984 477 2040 nobis
498 1980 567 2062 hnic
586 1980 649 2038 loco
671 1980 972 2055 convenire'videtur,
993 1985 1064 2056 quia
1081 1984 1124 2041 sic
1141 1983 1194 2040 illa
1206 1986 1320 2059 ironia,
1376 2032 1381 2037 .

273 2086 349 2140 quiae
375 2069 468 2140 posita
490 2075 533 2122 est
553 2067 584 2122 in
608 2066 688 2122 omni
709 2063 763 2122 bac
785 2063 1003 2139 Dicaeopolidis
1027 2068 1191 2142 sententia,
1217 2069 1314 2126 miuus

271 2149 388 2208 ridetur
414 2158 538 2207 exstare.
586 2144 789 2206 Vehementer
819 2157 917 2206 antem
942 2152 993 2210 isti
1023 2157 1139 2225 errant,
1170 2153 1222 2225 qui
1252 2173 1315 2212 uon

257 2229 371 2307 'agnita
400 2234 431 2291 vi
463 2226 524 2314 γὰρ
547 2232 714 2306 {particulae
745 2231 930 2308 conclusiva,
963 2231 1152 2298 ita,demnm
1180 2235 1316 2312 intellegi

269 2335 359 2389 posse
381 2316 556 2373 arbitrantur
578 2313 654 2372 huuc
673 2316 768 2373 locum
775 2341 797 2385 ,’
813 2317 838 2374 si
859 2321 926 2376 aitte
949 2319 1057 2376 rerba:
1088 2309 1228 2401 Σφόδρα
1248 2314 1313 2403 γὰρ

271 2389 440 2478 ἐσωζόμην
468 2393 531 2476 ἐγὼ
559 2391 655 2479 παρὰ
679 2393 740 2482 τὴν
765 2391 903 2474 ἔπαλξιν
931 2393 996 2462 nei.
1026 2403 1113 2460 tacita
1138 2406 1314 2477 cogitatione

269 2481 357 2538 talem
381 2481 509 2555 aliquam
535 2484 712 2540 sententiam
737 2482 911 2558 suppleant,
944 2483 1039 2558 qualis
1063 2494 1124 2544 est:
1147 2475 1315 2566 ,Ἀληθῶς

270 2560 383 2643 λέγεις.
417 2562 533 2639 Neque
562 2567 640 2624 enim
665 2568 766 2640 prius,
796 2587 883 2640 quam
909 2567 1030 2642 loquare
1058 2569 1184 2646 aliquid,
1215 2577 1314 2644 potest

269 2649 428 2721 quidquam
457 2669 497 2707 ex
523 2652 656 2708 oratioue
683 2657 734 2707 tua
762 2651 904 2725 suppleri.
951 2650 1030 2711 Nam
1058 2653 1178 2712 alterius
1206 2655 1312 2730 oratio,

216 2767 219 2772 ,
268 2747 344 2804 quae
371 2724 538 2807 praecedit,
564 2731 657 2806 nihil,
687 2733 765 2807 quod
792 2753 832 2792 cx
853 2742 951 2793 mente
976 2736 1181 2810 respondentis
1203 2735 1312 2796 dictum

269 2835 333 2873 esse
353 2816 495 2890 videatur,
515 2817 704 2891 suppeditare
724 2821 852 2891 poterit:
878 2821 979 2894 itaque
999 2818 1072 2878 baec
1085 2819 1204 2894 quidem
1216 2823 1310 2880 inter·
1348 2843 1351 2847 ·

266 2895 399 2978 pretendi
427 2903 502 2958 ratic
526 2903 605 2958 omui
626 2900 816 2960 fundamento
837 2911 929 2977 meet,
956 2902 1008 2962 sed
1029 2901 1122 2963 dicam
1143 2904 1179 2962 de
1201 2902 1256 2964 hac
1274 2925 1321 2964 re·

134 3051 138 3058 .
176 3052 178 3056 Ι
267 2982 412 3055 deinceps.
454 2981 622 3041 Ismenius
650 2984 724 3041 illud
751 2985 1007 3044 demonstrandum
1033 2997 1097 3064 est,
1125 2988 1208 3046 illam
1235 2990 1310 3063 vim,

267 3085 354 3138 qrram
376 3066 498 3137 primam
521 3086 553 3123 ac
578 3066 738 3128 naturalem
761 3069 919 3140 particulae
940 3064 1003 3154 γὰρ
1025 3091 1090 3131 esse
1111 3071 1249 3148 diximus,
1274 3075 1310 3132 iu

265 3151 346 3206 omni
372 3148 501 3206 locorum
526 3146 636 3220 ‘genera
662 3157 737 3207 recte
765 3171 851 3224 posse
878 3150 1026 3229 adhiberi,
1056 3176 1143 3229 quom
1164 3176 1204 3214 ea·
1220 3158 1310 3230 ratio,

265 3251 322 3304 que
342 3230 428 3304 volgo
452 3231 614 3304 explicatur
637 3234 682 3290 vis
707 3236 769 3291 eius
795 3235 967 3310 particulae,
993 3258 1053 3295 nou
1075 3241 1169 3312 possit
1189 3241 1247 3298 nisi
1270 3240 1311 3298 ad

264 3323 372 3372 certum
397 3313 542 3388 quoddam
565 3334 656 3388 genus
678 3319 817 3374 orationis
838 3320 993 3391 pertinere.
1035 3320 1113 3380 Nam
1134 3317 1168 3380 ea
1190 3323 1310 3382 demum

262 3419 333 3456 vera
360 3398 479 3457 alicuius
508 3401 589 3463 verbi
614 3399 771 3472 explicatio
793 3411 853 3475 est,
882 3423 956 3480 quae
979 3404 1111 3464 omnibns
1133 3407 1224 3482 locis,
1253 3409 1309 3468 ubi

146 3475 155 3486 “
261 3481 476 3556 illud‘legitur,
500 3489 579 3541 recte
600 3481 732 3540 adhiberi
752 3487 856 3558 possit.

328 3561 395 3630 ⁸Ac
420 3583 557 3623 maxume
583 3564 701 3639 quidem
727 3577 825 3626 exstat
846 3571 940 3644 prima
961 3571 1119 3645 particulae
1141 3573 1186 3630 vis
1208 3575 1240 3629 in
1266 3575 1309 3632 iis

260 3646 351 3721 locis,
376 3647 425 3706 ubi
454 3649 541 3706 etiam
560 3649 649 3724 volgo
671 3647 894 3725 explicationem
915 3655 1025 3714 inferre
1047 3657 1168 3727 dicitur,
1196 3658 1309 3731 quibus

208 3798 215 3803 -
260 3733 294 3788 in
313 3730 387 3790 locis
410 3740 507 3790 nostra
528 3731 630 3806 lingua
643 3734 816 3809 plerumque
830 3758 885 3810 per
897 3739 1068 3812 particulam
1080 3739 1204 3796 nbntlicb
1217 3739 1309 3798 reddi

259 3821 366 3888 potest.
409 3811 445 3872 lu
465 3813 513 3873 his
536 3817 615 3874 enim
635 3816 705 3876 locis
726 3819 763 3876 ad
783 3823 908 3894 primam
922 3823 1128 3895 particularum
1140 3819 1177 3901 ys*
1190 3831 1219 3881 et
1233 3813 1308 3900 cipe

223 3931 228 3936 ,
259 3900 321 3956 vim
349 3917 382 3956 ac
411 3905 584 3972 potestatem
613 3903 824 3976 agaroscendam
851 3907 936 3978 quasi
959 3926 1047 3964 manu
1070 3905 1212 3966 ducimur.
1256 3904 1308 3965 lta

258 3984 378 4058 ponitur
398 3977 461 4066 γὰρ
483 3983 515 4042 iu
539 3985 602 4045 eius
625 3985 705 4046 modi
725 3986 807 4064 locis,
831 3989 925 4064 qualis
947 3997 991 4048 est
1010 3989 1062 4050 ille
1084 3987 1240 4066 Sophoclis
1261 4011 1322 4054 ex»
