2922 4586
492 319 495 328 ·
590 289 749 376 οε·
1115 261 1181 364 εον

140 457 185 520 ed.
208 463 273 522 tert.
289 459 337 518 ibi
361 459 558 534 comprobavit
577 455 711 520 Fisoberi
733 461 954 522 mnectiouemt
984 453 1026 526 uti
1053 479 1091 543 γε
1114 452 1179 527 ,οὔκ

140 535 244 620 ἔτυμα
271 562 331 618 μοι
358 544 547 627 μαρτυρεῖς.
588 542 696 618 Neque
723 546 804 603 enim
831 564 848 602 a
871 545 1013 602 cotidiana
1036 545 1178 619 loquendi

138 625 347 684 consuetudine
381 624 457 685 benc
487 627 705 688 collocationem
735 627 890 688 verborum
923 625 1080 688 abhorrere
1113 629 1178 704 ipse

138 706 315 768 Sobaeserus
335 709 492 770 intellexit.
1066 723 1070 729 “
1391 779 1395 788 ¹

158 791 161 796 ’
220 789 314 852 Porto
332 792 434 852 eodem
454 792 540 852 modo
560 793 607 852 illi
628 792 685 852 loci
706 791 874 868 explicandi
898 811 963 852 esse
982 789 1128 868 videntur,
1150 789 1233 856 billi
1259 792 1286 878 ἢ
1314 809 1356 845 ‘⁸-

139 875 255 950 qnaudo
276 876 419 950 particule
440 873 494 951 δέ,
515 897 651 936 maxume
672 884 740 950 post
759 877 932 950 pronomine
953 873 1178 937 demonstrativo
1201 875 1346 928 ‘imm

111 1027 117 1034 ι
137 961 248 1032 primae
266 951 332 1018 lere
353 980 502 1034 personae,
523 963 555 1018 in
574 961 765 1034 responsione
778 962 819 1019 itu
833 961 866 1017 in
879 961 1024 1033 principio
1038 961 1178 1022 orationis

137 1044 272 1117 ponitur,
299 1050 331 1100 ut
358 1042 452 1118 nihil,
479 1065 536 1118 quo
557 1044 610 1102 illa
629 1045 782 1118 respiciat,
808 1045 841 1100 in
860 1045 993 1102 oratioue
1015 1044 1098 1119 eius,
1124 1045 1177 1118 qui

137 1123 283 1199 loquitur,
309 1129 374 1200 ipsa
406 1126 579 1186 declaratum
606 1129 660 1201 sit,
687 1125 737 1186 sed
760 1128 899 1184 exomni
920 1125 1067 1200 loquentis
1088 1135 1175 1200 atque

138 1209 278 1268 audientis
298 1210 477 1285 condicione,
499 1231 585 1286 quem
605 1210 643 1269 ud
664 1209 780 1268 modum
800 1211 944 1284 oppositio
963 1210 1016 1268 illa
1037 1218 1106 1270 uate
1126 1213 1187 1286 cit,¹

135 1292 362 1368 intellegendum
379 1314 443 1353 esse
462 1295 602 1355 videatur.
638 1290 775 1352 Goulerri
786 1301 907 1368 possunt
920 1292 954 1352 hi
964 1291 1176 1368 Xenophontis

92 1439 93 1445 ρ
135 1374 192 1434 1οοί
219 1395 260 1434 ex
284 1378 469 1453 Enpeditiouc
491 1379 556 1449 Gyri
581 1376 632 1435 lib.
651 1373 694 1436 V.
717 1397 778 1451 στρ.
800 1377 831 1436 t.
854 1380 881 1449 §.
907 1382 975 1452 lio,
1000 1378 1051 1435 ubi
1078 1380 1175 1451 posita
1237 1371 1244 1388 ¹

134 1455 332 1533 Hecatonymi
353 1463 484 1520 oratione
504 1463 545 1520 ite
566 1462 664 1535 pergit
684 1463 824 1536 scriptor:
854 1455 950 1540 Πρὸς
969 1461 1073 1522 ταῦτα
1093 1449 1135 1523 εἰν
1159 1493 1175 1510 ·
1215 1522 1218 1528 ,

136 1535 217 1611 στὰς
239 1535 396 1623 Ξενοφῶν
422 1534 508 1626 ὑπὲρ
535 1545 600 1606 τῶν
621 1542 834 1628 στρατιωτῶν
854 1531 962 1606 εἶπεν·
989 1535 1106 1620 Ἡμεῖς
1127 1483 1174 1616 dt,
1200 1595 1203 1602 ι

137 1610 165 1682 ὦ
194 1613 310 1704 ἄνδρες
329 1624 504 1699 Σινωπεῖς,
533 1621 656 1708 ἥκομεν
683 1617 876 1706 ἀγαπῶντες
895 1620 950 1688 ὅτι
969 1619 1012 1688 τὰ
1024 1619 1174 1705 ,σώματα

136 1697 374 1783 διεσωσάμεθα
406 1702 462 1768 καὶ
488 1702 529 1768 τὰ
556 1701 648 1771 ὅπλα
676 1701 758 1778 aab,
794 1709 845 1767 ubi
877 1715 956 1768 recte
988 1709 1175 1770 existumavit

134 1781 290 1862 Kriigerus
317 1787 375 1847 tale
400 1788 472 1862 quid
497 1787 727 1848 subaudiendum
752 1809 836 1850 esset
862 1780 980 1869 Ὑμεῖς
1004 1786 1065 1867 μὲν
1086 1787 1174 1854 οὕτω

134 1861 340 1950 γιγνώσκετε.
358 1880 424 1940 ,νοω
439 1891 455 1930 e
468 1865 518 1932 lib.
531 1868 605 1930 Vll.
622 1893 683 1947 cap.
701 1878 730 1929 3.
747 1875 773 1944 §-
788 1878 838 1935 30.
857 1863 897 1931 ‘0
911 1867 947 1936 dd
961 1865 1119 1956 Ξενοφῶν
1133 1907 1173 1918 -

129 1941 245 2014 εἶπεν·
271 1943 352 2052 Ἐγώ
374 1950 412 2017 δέ
432 1973 499 2025 σοι,
523 1943 550 2016 ὦ
571 1947 692 2036 Σεύθη,
715 1949 836 2030 δίδωμι
857 1946 999 2033 ἐμαυτὸν
1020 1950 1174 2030 καὶτοὺς

134 2029 233 2111 ἐμοὺς
261 2033 398 2110 τουτονς
426 2029 578 2120 ἑταίρους
608 2034 727 2119 φίλους
755 2021 841 2098 εἶναι
869 2031 1008 2112 πιστοὺς
1037 2029 1101 2100 aci.
1133 2039 1173 2097 cf.

116 2117 184 2176 lib.
211 2114 270 2176 lV.
303 2140 364 2192 cap.
393 2125 422 2180 6.
454 2124 482 2192 §.
515 2128 563 2184 10.
601 2114 703 2181 Μετὰ
730 2120 847 2182 τοῦτον
872 2112 1031 2204 Ξενοφῶν
1059 2109 1172 2186 εἶπεν·

128 2190 208 2292 Ἐγώ
230 2191 262 2263 δ’
287 2195 373 2264 otico
395 2196 562 2284 γιγνώσκω
584 2195 665 2278 κτῶ,
687 2204 792 2278 quibus
812 2205 844 2261 in
865 2204 937 2262 locis
962 2225 1038 2278 quae
1059 2206 1098 2263 sit
1118 2226 1172 2278 op·
1196 2201 1202 2212 ’

131 2285 282 2360 positionis
306 2287 378 2344 ratio
399 2287 486 2346 facile
506 2287 696 2361 intellegitur,
719 2285 757 2344 ci.
774 2288 934 2363 Disciplina
947 2288 1013 2360 (inni
1032 2287 1084 2346 lib.
1096 2285 1170 2348 Vll.

41 2432 44 2438 ,
131 2387 193 2441 cop.
217 2373 245 2426 l.
268 2372 296 2440 ς.
318 2375 369 2428 21.
402 2364 497 2452 Πρὸς
521 2369 638 2433 τοῦτον
666 2363 790 2444 ἒἎεξεν·
817 2359 898 2449 Ἐγῶ
925 2360 958 2432 d'
986 2366 1171 2455 ἕπὲρχομαι

132 2439 209 2527 ὑμῖν
242 2443 472 2534 ἐπικουρήσων
503 2443 568 2514 toci.
602 2461 631 2512 et
658 2473 732 2527 qnue
757 2460 825 2512 suut
852 2454 970 2513 similia.
1018 2452 1172 2514 interdum
1268 2477 1273 2486 ·

125 2534 239 2608 etiam,
264 2550 322 2608 quo
350 2535 444 2593 omnis
470 2555 679 2610 personarum,
709 2555 783 2609 quae
803 2537 882 2594 iuter
903 2557 934 2616 se
956 2534 1170 2612 colloquantur,

91 2622 94 2632 “
130 2616 259 2676 condicio
287 2620 379 2692 magis
408 2626 579 2692 appareret,
603 2621 778 2692 praemissus
802 2623 848 2678 eat
868 2621 956 2678 etium
976 2621 1009 2676 in
1031 2617 1077 2678 lais
1098 2619 1170 2677 locis
1272 2641 1276 2646 ·

129 2702 295 2774 vocativus,
324 2719 410 2773 quem
436 2699 474 2758 ad
495 2700 613 2758 modum
632 2699 663 2757 id
683 2700 770 2758 modo
789 2701 822 2756 iu
843 2702 933 2759 simili
958 2719 1059 2760 caussa
1079 2717 1171 2776 saepe
1199 2731 1201 2739 ⁴

130 2803 193 2842 esse
217 2783 325 2840 factum
344 2782 485 2856 diximus,
506 2783 597 2840 veluti
620 2783 695 2857 apud
715 2781 896 2852 Herodotum
915 2781 1170 2858 lib.1.oup.1lt;

128 2869 351 2939 scriptumest:
378 2857 417 2924 ‘0
444 2861 482 2927 δὲ
510 2856 665 2964 ἀμείβετο
690 2851 769 2927 ὧδε·
793 2853 835 2924 Ὦ
857 2859 1022 2941 δέσποτα,
1049 2861 1113 2946 ἐγώ
1133 2861 1170 2932 dd

128 2948 235 3008 ταῦτα
255 2948 373 3009 τοῦτον
394 2935 538 3030 ἐποίησα
560 2967 619 3009 σον
639 2941 716 3033 δίκη
738 2939 803 3009 sci·
830 2955 859 3008 et
882 2949 960 3024 apud
982 2946 1170 3025 Xenophon·
1196 2981 1200 2992 ν

77 3047 80 3050 ·
128 3040 187 3089 tem
215 3032 248 3088 in
276 3030 460 3106 beneditione
481 3031 547 3103 curt
573 3030 625 3090 lib.
649 3010 706 3090 Vi.
736 3051 798 3104 cap.
819 3019 849 3091 4:
874 3035 904 3105 ς.
928 3040 977 3091 12.
1001 3033 1048 3092 ed.
1064 3030 1167 3109 Κῶς.

121 3104 210 3174 Ἀλλ’
235 3103 379 3186 ἀναστὰς
400 3104 524 3187 ἔλεξεν·
548 3101 588 3172 Ὦ
610 3103 728 3198 inopen
747 3116 956 3220 στρατιῶται,
978 3110 1054 3195 ἐμοὶ
1075 3107 1109 3180 d’
1128 3107 1167 3180 ori

113 3193 257 3280 ,φαῦλον
280 3193 373 3258 δοκεῖ
393 3183 479 3258 εἶναι
499 3189 536 3258 τὸ
559 3198 708 3281 πρᾶγμα,
730 3189 762 3260 εἰ
783 3199 863 3284 ημῖν
884 3194 991 3275 οὕτως
1012 3192 1093 3278 ἔχων
1109 3197 1169 3284 τὴν
1197 3231 1199 3236 ·

127 3270 255 3362 γνώμην
283 3273 473 3359 Κλέανδρος
506 3270 641 3344 ἔπεισιν
656 3301 660 3308 ’
675 3277 791 3368 ῶσπερ
824 3277 939 3364 λέγεις.
985 3281 1111 3344 Latinos
1134 3287 1198 3342 in.
1272 3297 1278 3308 ·

127 3363 190 3420 eius
214 3360 294 3420 modi
315 3361 386 3420 locis
408 3361 519 3422 dixisse
542 3363 644 3424 eodem
666 3364 770 3422 moder
783 3407 785 3414 ,
799 3367 877 3424 Mitt
896 3386 978 3436 σειο,
1006 3371 1069 3440 Epo
1089 3385 1166 3436 οενο,
1270 3429 1272 3433 ,

125 3465 186 3502 uon
211 3454 256 3504 est
279 3443 357 3519 qnod
379 3465 608 3506 commemorem.
650 3445 726 3506 Note
748 3451 828 3508 enim
849 3467 896 3505 res
916 3454 971 3514 est.
1012 3445 1075 3507 Nos
1098 3467 1167 3522 pos-

126 3526 224 3586 samus
242 3524 299 3585 boc
320 3526 436 3584 dicendi
455 3546 547 3600 genus
567 3532 609 3586 ita
629 3523 749 3604 imitari,
772 3539 804 3588 ut
824 3537 874 3588 eut
894 3528 1067 3604 simpliciter
1088 3530 1166 3590 diea-

20 3619 24 3632 '
125 3631 206 3669 mus:
231 3611 280 3668 lob
302 3610 377 3679 uber,
403 3614 466 3666 ufir
487 3610 562 3678 aber,
584 3620 632 3668 aut
649 3615 747 3686 etiam,
768 3614 809 3671 ibi
824 3614 994 3685 praesertim
1006 3613 1056 3672 ubi
1071 3609 1165 3674 oratio

124 3695 241 3752 brevior
261 3699 306 3752 est
326 3693 477 3766 magisque
489 3691 616 3750 ”alacrior
646 3695 712 3752 Uad
732 3695 790 3765 iola,
816 3695 880 3753 Uud
899 3697 974 3766 ωἱνζ
989 3717 1165 3771 quemquam

124 3768 172 3849 δέ,
191 3775 223 3834 id
236 3773 314 3850 quod
329 3795 416 3849 supra
430 3773 565 3849 vidimus,
585 3795 640 3849 per
653 3796 684 3836 se
699 3778 811 3838 nullam
821 3779 975 3852 copulandi
990 3783 1051 3838 vim
1065 3779 1165 3856 babet,
1195 3841 1197 3846 ,

124 3859 176 3918 sed
197 3879 231 3917 eu
253 3866 379 3933 tautum,
401 3857 479 3932 quod
500 3857 612 3932 aliquid
634 3863 753 3934 opponit
776 3860 1025 3936 antecedentibus,
1053 3860 1163 3920 disiun-

107 3944 219 4015 ctione
239 3941 366 4018 aliquam
387 3943 470 4015 qnasi
491 3944 722 4002 concoctionem
737 3944 893 4025 verborum
910 3943 1024 4004 efficere
1037 3944 1162 4006 videtur.

174 4051 177 4056 ¹
206 4023 269 4086 Nec
302 4025 396 4084 solum
428 4027 470 4084 iu,
488 4027 708 4100 pronominibus
740 4029 845 4088 usitata
872 4035 917 4089 est
945 4025 1018 4087 bueo
1046 4027 1162 4088 dicendi

102 4109 218 4184 notio,
255 4107 306 4168 sed
337 4109 424 4168 etium
455 4109 488 4191 in
517 4129 551 4168 ee
582 4113 793 4204 responsione,
826 4113 859 4170 iu
892 4131 950 4188 qus
972 4112 1033 4178 ,illo
1063 4112 1161 4185 minue
