2900 4584
292 259 357 326 236
432 325 436 329 ,
504 272 508 275 ’
764 251 860 361 ,ηδα

293 429 386 489 dixit.
408 414 452 492 ‘¹0
473 369 510 493 δὲ
531 422 663 492 πάντων
684 415 934 530 σχοτλιῶτατοντ
957 409 1015 502 σδς
1032 421 1095 526 γὰρ
1110 417 1330 529 δηισλονὴσαι-Ι

291 535 352 592 μεν
381 535 420 576 αν
448 503 694 594 πονηροτατοας
723 499 808 576 εἶναι
835 510 900 573 τῶν
921 507 1069 575 πολιτῶν
1090 504 1157 574 aci.
1201 513 1238 572 cf.
1258 513 1326 574 Ari·

293 595 446 670 stophanis
462 598 588 656 Aocsu.
613 597 674 652 514
695 615 740 669 sq.

213 722 217 732 ’
310 721 389 780 0δὲ
403 721 601 811 δεινοτατονγ
609 723 721 780 ἔστιν
706 737 852 778 απαντων
870 722 1065 797 ὁΖεδςγὰρδ
1081 721 1295 808 consacratur

290 791 406 852 ἀετὸν
422 788 501 868 σ’ρνιν
517 793 629 862 ἕστηκεν
648 795 719 863 ἔχων
736 795 783 847 ἐπὶ
802 795 982 864 circapositis
999 789 1164 862 βασιλεδς”
1143 813 1191 847 ων.

285 915 431 990 Denique
459 915 516 975 huc
543 901 654 976 iaciunt
680 915 839 984 formulae,
869 917 920 974 ubi
946 916 1049 974 modus
1079 917 1200 974 alicuius
1221 919 1265 976 rei
1286 903 1325 976 ita

289 1000 460 1072 declaratur,
482 1003 543 1058 ut
534 1021 560 1058 rs
581 1003 645 1058 sine
665 1001 860 1072 explicatione
880 980 1016 1074 intellegi
1035 1021 1095 1056 non
1113 1002 1215 1074 possit,
1236 1001 1325 1060 veluti

247 1084 252 1095 ⁸
288 1083 368 1158 ‹puod
390 1083 462 1159 legit
463 1103 497 1141 ur
519 1082 595 1158 apud
610 1082 756 1158 Lysiam
747 1103 780 1139 ιιι
794 1086 920 1140 oratione
934 1083 1087 1182 fanobri§.
1104 1088 1153 1140 lc.
1169 1083 1214 1140 ed.
1227 1080 1323 1143 Beki.

185 1181 188 1188 “
288 1187 318 1261 p.
342 1171 412 1224 192.
439 1166 482 1224 ed.
506 1165 547 1224 Η.
569 1163 674 1239 Steph
711 1163 878 1226 Τοσοῦτον
900 1155 992 1227 δὲ’
958 1167 1197 1269 εοτυχέστεροι
1198 1165 1324 1266 παῖδες

257 1305 259 1310 .
286 1242 379 1322 ὄντες
405 1244 550 1328 ἐγένοντο
575 1250 634 1312 τοῦ
657 1241 802 1351 πατρός·
830 1239 848 1308 δ
853 1243 930 1346 μὲν
951 1241 1013 1346 yda
1034 1269 1157 1346 καιπερ
1180 1241 1225 1310 ὠν
1247 1239 1324 1330 ἄγα

238 1403 242 1407 ,
287 1330 361 1394 θῶν
390 1329 525 1394 πολλῶν
553 1324 661 1406 αἴτιος
689 1326 816 1392 ἅπασιν
846 1320 1042 1411 ἇνδρωττσις
1071 1323 1136 1392 aad.
1173 1338 1223 1390 aut
1251 1332 1324 1406 apud

287 1414 413 1472 eundem
443 1424 542 1474 coctru
568 1415 782 1474 Eratosthenem
809 1417 836 1484 §.
854 1417 909 1480 19.
921 1413 978 1474 ·.ed
1002 1411 1102 1472 Belrlr
1132 1435 1163 1488 p.
1187 1422 1257 1474 121.
1280 1416 1323 1476 ed.

283 1494 331 1598 ΙΙ.
352 1495 456 1571 Steph.
489 1490 550 1572 Εἷς
578 1489 740 1598 τοσαύτην
768 1486 970 1596 ἀπληστίαν
980 1518 1035 1558 και
1057 1489 1133 1597 αἰσχ
1156 1494 1324 1600 οκέηδειαν

286 1562 473 1679 ἀφίκοντο
477 1577 536 1644 καὶ
557 1579 616 1642 τοῦ
644 1572 793 1683 τρόπον
801 1580 860 1640 τοῦ
882 1571 989 1640 αὑτῶν
1013 1491 1186 1678 duritiei&
1208 1602 1324 1664 αποιη-

265 1682 403 1743 Ισαντα·
432 1663 492 1764 τῆς
512 1658 574 1747 γὰρ
596 1653 734 1740 ΠολενΙ
688 1682 816 1745 μαοχου
838 1657 1003 1762 γυναικὸς
1011 1655 1091 1734 κτὲ.,
1123 1683 1181 1736 quo
1205 1667 1238 1722 in
1260 1665 1322 1724 loco

285 1736 426 1819 particula
445 1743 507 1829 γὰρ
527 1747 634 1820 pariter
656 1746 692 1803 ad
711 1748 816 1804 verba.
838 1737 886 1818 εἷς
903 1738 1064 1848 τοσαύτην
1082 1736 1269 1828 απληστιαν
1284 1783 1319 1794 -

285 1821 457 1910 ἀφίκοντο,
477 1837 506 1887 et
520 1829 556 1887 ad
571 1829 674 1889 rerba·
697 1819 931 1902 iactantia-2
924 1821 1167 1910 ἐποιήσαντο,
1188 1832 1321 1890 refertur.

284 1910 417 1987 Utraque
438 1915 516 1972 anim
535 1914 695 1972 enuntiatio
708 1911 837 1969 eandem
852 1914 1090 1969 constructionem
1105 1913 1256 1972 admittit·
1274 1905 1322 1974 De

284 1999 390 2056 ceteris
411 1998 473 2055 eius
497 1997 576 2054 modi
599 1998 669 2054 locis
691 1995 767 2052 coni.
788 1993 986 2070 Hartungium
1006 1996 1064 2054 ro'l.
1088 1993 1132 2054 ll.
1148 2018 1179 2070 p
1201 2001 1273 2057 470.
1293 2006 1322 2060 et

283 2078 365 2154 Aug,
383 2078 527 2138 Matthiae
546 2099 588 2156 ην.
614 2082 665 2136 Gr.
689 2079 776 2154 ααηλ.
798 2100 827 2153 p.
855 2082 946 2136 1244.
972 2079 1020 2137 εδ.
1039 2099 1097 2140 sec.

209 2225 210 2228 ,
250 2177 253 2180 ’
287 2239 289 2244 ,
366 2179 429 2240 Neo
460 2180 545 2238 aliter
573 2179 716 2254 particula
747 2171 819 2260 γὰρ·
836 2178 1056 2256 interpretanda
1082 2184 1126 2238 est
1146 2181 1179 2239 in
1197 2179 1322 2256 reliquis

282 2264 371 2338 locis,
392 2267 425 2322 in
447 2266 553 2336 quihus
576 2263 803 2335 explicationem
827 2261 943 2335 adsert',·
961 2283 1037 2338 quos¹
1054 2263 1132 2320 locos
1152 2266 1207 2322 vix
1228 2264 1321 2324 adtin-

282 2347 393 2422 gendos
421 2345 476 2405 lroc
505 2348 573 2421 loco
600 2354 750 2420 putarem,
781 2345 838 2403 nisi
865 2343 1007 2418 quaedam
1038 2347 1171 2420 exempla
1201 2355 1322 2422 propter

282 2433 437 2490 verborum
465 2431 680 2488 collocationem
710 2437 805 2487 essent
834 2429 934 2502 paullo
959 2429 1154 2504 impeditiora.
1208 2427 1258 2488 Sic
1288 2433 1322 2490 in

253 2569 254 2576 ,
281 2513 344 2574 illis
364 2512 507 2572 Herodoti
526 2514 639 2586 locis,
630 2535 662 2571 1n
675 2514 789 2586 quibus
812 2520 861 2568 aut
850 2514 1035 2571 tverborum
1055 2515 1251 2576 traiectionem
1270 2521 1322 2572 aut

280 2598 438 2672 ellipticam
461 2597 576 2656 dicendi
589 2600 736 2698 rationem
751 2597 836 2655 statui
848 2595 1002 2655 voluerunt
1016 2599 1206 2700 grammatici,
1226 2598 1278 2656 lib.
1287 2597 1320 2658 Ι.

281 2701 343 2755 cap.
368 2687 397 2740 8.
421 2675 477 2740 Γ
424 2702 534 2784 app
563 2673 603 2743 οὐ
631 2674 693 2762 γάρ
715 2698 753 2742 σε
776 2675 881 2742 δοκέω
903 2675 1093 2744 πείθεσθαί
1111 2701 1171 2778 μοι
1192 2676 1320 2781 λέγοντι

252 2833 254 2840 ,
280 2759 360 2846 caol
381 2785 439 2828 τοο
463 2759 568 2836 εἴδεος
588 2785 647 2846 της
652 2754 839 2862 γυναικός·
863 2752 1008 2862 ὧτωγδρ
1024 2755 1172 2865 τυγχάνει
1187 2754 1320 2864 ανθρώ

279 2867 377 2910 motet
409 2839 504 2910 ἐόντα
538 2838 742 2946 ἀπιστότερα
773 2847 837 2906 τῶν
870 2836 1075 2928 drptlclptww
1106 2839 1202 2910 uotae
1231 2840 1321 2921 ὅκως

279 2925 405 3013 ἐκείνην
431 2924 574 3014 δεησεαι
601 2951 745 3010 γυμνητ,
775 2932 826 3002 qui
844 2929 924 2989 locus
946 2949 1043 3002 neque
1063 2931 1103 2987 ita
1125 2927 1319 3002 explicandus

240 3049 245 3058 ν
279 3022 333 3088 est,
354 3025 386 3071 ut
407 3016 603 3071 traiectionem
623 3013 818 3069 membrorum
834 3032 897 3070 esse
912 3019 1031 3086 statuas,
1052 3034 1133 3086 quast
1125 3011 1320 3078 Herodotus

204 3125 206 3136 ›
272 3095 333 3153 -lioc
361 3098 417 3155 sibi
444 3097 588 3154 voluerit.
620 3089 716 3157 ποίεε
744 3089 832 3168 ὁάως
859 3089 994 3196 ἐκείνην
1008 3090 1317 3196 acroceraunium

279 3171 318 3242 οὐ
340 3172 403 3262 γάρ
426 3197 463 3240 σε
486 3174 591 3240 δοκέω
613 3171 802 3239 academici
821 3197 880 3255 μοι
902 3173 1029 3254 λέγοντι
1051 3171 1129 3248 aci„
1152 3179 1230 3253 quod
1250 3180 1320 3238 fieri
1410 3243 1416 3256 ¹

277 3262 365 3362 plane
387 3283 448 3320 non
467 3269 578 3335 potest.
600 3280 685 3318 nemo
708 3262 785 3318 enim
803 3279 890 3317 sanus
910 3281 1045 3334 umquam
1058 3283 1092 3320 ea
1109 3265 1197 3322 verba
1214 3261 1319 3322 ordine

275 3349 395 3406 inverso
419 3345 514 3403 dicere
538 3352 646 3417 posset,
672 3345 697 3400 si
719 3344 803 3401 aliter
822 3343 955 3418 intellegi
975 3349 1148 3419 nequirenta
1170 3367 1224 3405 nec
1244 3365 1323 3406 vero.

276 3431 390 3503 ellipsis
412 3428 570 3490 statuenda
597 3435 655 3500 est,
683 3447 769 3500 quem
799 3425 835 3484 ad
863 3427 981 3486 modum
1006 3431 1162 3488 voluerunt
1188 3430 1240 3494 alii
1260 3429 1323 3496 lica

274 3511 361 3570 locos
376 3517 478 3589 accipi,
502 3515 587 3587 quasi
610 3509 664 3569 hoc
688 3510 795 3568 diceret
814 3507 997 3570 Herodotusr
1021 3516 1120 3588 Gppm,
1143 3523 1170 3570 tc
1192 3514 1319 3588 appollo,

271 3614 362 3671 ‘nequa
382 3601 455 3654 cutm
475 3601 612 3654 eaistumo
630 3601 657 3650 tc
677 3594 747 3651 nttlti
767 3594 868 3652 dicanti
889 3596 997 3654 credero
1015 3597 1048 3653 dc
1069 3593 1166 3670 fciam
1178 3597 1319 3658 montanus.

273 3673 370 3737 Nemo
385 3681 471 3736 ¹anim
491 3679 559 3734 talia
579 3674 688 3752 poterit
708 3679 773 3750 ipae
795 3678 940 3754 supplere,
962 3681 1020 3738 nisi
1040 3681 1077 3754 is,
1101 3682 1153 3752 qui
1173 3679 1320 3755 loquitur,

236 3785 244 3793 ³
274 3763 374 3836 aliquo
395 3769 478 3820 certe
492 3760 590 3818 modo
603 3760 703 3818 eadem
726 3761 914 3834 significavit.
953 3761 1000 3820 Ac
1024 3765 1048 3820 si
1072 3764 1145 3837 quis
1161 3762 1238 3820 dicat
1258 3762 1320 3823 hoc

273 3847 339 3918 ipso
363 3865 430 3906 casu
450 3846 582 3904 vocativo
605 3844 779 3920 significari,
808 3866 847 3904 ne
866 3848 906 3906 is
918 3845 1036 3918 quidem
1056 3857 1132 3905 recte
1154 3849 1321 3908 existuma-

273 3930 359 3987 verit.
401 3927 468 3986 Dici
489 3931 567 3987 enim
591 3931 687 4003 potuit
710 3931 797 3996 etiam
819 3931 925 3987 omissa
948 3929 1001 4000 illa
1021 3930 1234 4004 appellatione·
1264 3919 1320 3991 Oc

162 4043 168 4054 =
272 4003 336 4092 peip
366 4029 403 4072 oc
430 4007 547 4076 δοκέω
564 4006 754 4075 πείθεσθαί
780 4032 838 4090 μοι
861 4007 988 4091 λέγοντι
1010 4035 1076 4074 ατε.
1119 4011 1166 4072 Ne
1188 4015 1255 4086 quis
1278 4013 1319 4070 de
1368 4017 1377 4024 “

271 4091 327 4158 linc
350 4113 382 4152 re
405 4092 526 4174 dubitet,
547 4095 690 4172 adponam
710 4033 855 4192 Herodoti
872 4095 973 4154 locum
995 4116 1011 4154 e
1031 4095 1082 4156 lib.
1095 4092 1153 4157 VI.
1175 4116 1236 4170 cap.
1262 4103 1324 4178 ll„

1166 4267 1186 4296 N
