2872 4584
512 239 756 358 ,ἐπιιυήζ
896 310 901 318 -
1073 219 1156 346 ἐει

121 434 207 494 morlo
231 455 318 511 saepe
341 438 432 495 etiarn
452 433 601 498 Lucienus
622 441 781 514 optativum
796 441 895 520 intulit
917 451 981 519 post
1002 439 1155 523 ἐπειδάν,

120 520 273 578 abhelino
303 519 404 578 modus
434 523 504 594 poni
526 530 653 598 poterat,
682 524 734 585 aad
756 527 923 585 concinnior
944 538 1039 588 tamen
1061 535 1156 588 oratio

120 612 183 676 est,
205 603 283 679 quod
304 605 388 676 (runci
408 624 447 662 ex
469 603 589 678 alterins
609 608 830 666 ratiocinatione
852 630 900 668 res
921 622 1074 686 spectator,
1095 615 1157 672 rel·

80 737 88 754 ,
120 687 162 743 nti
194 687 224 742 iu
250 683 375 744 Luciani
409 689 500 744 Lucio
523 693 582 746 siue
612 693 693 748 arico
724 692 752 762 §.
777 696 828 748 37.
855 691 976 751 δίσὶιοει
1003 684 1158 756 Ἐπειδὰν

120 759 151 829 δ’
177 760 226 840 εἷς
251 763 364 847 κώμην
391 764 464 828 τινὰ
486 766 748 852 προσέλθοιμεν,
776 766 921 871 ἐγὼμὲν
943 767 961 836 ὁ
984 772 1157 858 θεοφόρη-

119 869 177 922 τος
199 843 357 930 ἱστάμην,
386 841 403 909 ό
436 846 473 912 δὲ
501 842 645 934 αὐλητὴς
665 848 784 931 ὅμιλος
805 851 914 936 ἐφυσα
937 849 1053 918 ἔνθεον
1075 852 1155 926 uri„

7 1004 12 1008 ⁸
89 962 91 970 s
121 932 197 1004 quod
224 933 403 1005 aliquantum
432 931 529 990 differt
558 935 594 992 ab
618 954 670 1009 eo,
701 935 779 1008 quod
806 937 861 996 dici
888 939 1056 1012 potuit‘boc
1076 939 1154 997 locor

113 1005 247 1094 Ἐπειδὴ
281 1005 314 1074 δ’
345 1007 393 1087 εἰς
419 1007 531 1096 κώμην
551 1013 625 1078 τινὰ
645 1011 901 1099 προσόλθομεν,
928 1020 960 1079 id
980 1023 1059 1078 enim
1079 1023 1156 1080 dice·

120 1105 200 1154 retur
221 1095 256 1152 de
280 1116 349 1155 vero
372 1097 466 1171 lacto,
490 1118 566 1155 nunc
585 1119 633 1158 res
654 1108 807 1168 revocatur
827 1102 863 1160 ad
885 1090 1100 1178 cogitationem,
1121 1120 1123 1122 ’
1144 1115 1154 1160 t

120 1181 232 1250 quoties
254 1186 420 1252 reputarent
441 1199 473 1237 se
494 1179 629 1238 accedere
649 1181 800 1240 edricum
822 1184 959 1260 aliquem,
976 1189 1059 1244 toties
1080 1123 1154 1244 iiiii

104 1262 225 1318 ¹lactum
253 1283 316 1320 esse
346 1270 507 1336 appareret.
550 1261 590 1320 Et
620 1266 663 1322 sic
686 1263 793 1324 ibidem
823 1267 922 1340 paullo
947 1279 1012 1341 post
1034 1269 1152 1326 dicitnr:

114 1335 266 1406 Ἐπειδὰν
295 1341 331 1406 δὲ
361 1337 590 1425 κατακόψειαν
616 1341 722 1419 οὕτως
754 1339 906 1422 ἑαυτούς,
934 1335 973 1410 ¹tbs
1001 1351 1067 1412 τῶν
1092 1371 1153 1410 πε-

108 1417 337 1506 ριεστηκότων
358 1427 490 1488 θεατῶν
507 1423 677 1506 συνέλεγον
694 1419 833 1506 ὀβολοὺς
849 1427 904 1492 καὶ
922 1428 1070 1514 δραχμάς
1088 1423 1153 1492 uri.

119 1516 235 1565 arante
255 1512 358 1578 6.,21.
394 1501 476 1584 Ἐγὼ
501 1506 537 1572 δὲ
560 1503 826 1586 ἒπειδδνῖδοιμι
846 1506 903 1594 τὴν
924 1514 1026 1594 γραῦν
1048 1507 1154 1586 ἕξιοῦ-
1214 1561 1217 1566 .

91 1591 182 1650 ‘oar
207 1587 278 1648 τῶν
293 1582 398 1658 ἔνδον,
427 1582 526 1672 ἰλρτον
547 1581 678 1672 ἤσθιον.
720 1590 858 1666 Denique
881 1614 920 1652 ex
943 1593 1042 1652 cartem
1065 1596 1153 1652 rotic-

17 1690 20 1695 ·
119 1672 281 1744 cinatione,
304 1691 479 1744 quamquain
502 1671 560 1730 alio
581 1673 704 1746 quodam
728 1674 830 1749 modo,
852 1675 956 1734 dicitur
975 1675 1153 1734 in'Luriani

118 1758 252 1811 Parasito
280 1756 309 1824 ξ.
338 1758 389 1810 26.
428 1745 581 1814 Ἐπειδὰν
609 1754 687 1833 γοῦν
715 1749 916 1818 καὶτούτων
938 1747 1154 1830 άποδελξαιμι

59 1883 70 1902 .
118 1829 177 1916 τὴν
202 1829 425 1916 παρασιτικὴν
446 1829 533 1897 πολὺ
555 1837 756 1916 κρατοῦσαν,
783 1835 885 1920 σχολῇ
913 1831 1066 1918 δηλονότι
1087 1838 1151 1896 τῶν

121 1913 230 1977 άλλιυν
246 1915 363 1994 τεχνῶν
380 1909 469 1990 δόξει
486 1909 750 1997 προφερεστάτη.
769 1915 927 1998 καθάπερ
941 1911 960 1999 η’
976 1914 1154 1980 Ναυσικάα

119 2000 184 2058 τῶν
201 1992 462 2078 θεραπαινίδιον.
498 1997 600 2071 Atque
617 2001 649 2056 in
667 1997 713 2056 his
731 1999 857 2072 aliisque
872 2000 1015 2058 similibus
1029 1999 1153 2058 Luciani

119 2081 191 2138 loris
211 2091 269 2138 tam
290 2089 366 2138 certa
389 2090 505 2154 tamque
526 2079 609 2138 firma
634 2091 678 2140 eat
695 2083 823 2139 omnium
845 2081 985 2140 librorum
1004 2085 1154 2156 scriptura,

118 2172 151 2220 irt
172 2163 207 2244 ad
232 2164 472 2236 comprobandum
497 2161 575 2220 hunc
598 2184 680 2221 usum
700 2168 828 2221 minume
850 2165 887 2220 sit
910 2163 946 2220 atl
969 2161 1154 2240 Byzantinos

117 2248 275 2320 scriptores
298 2246 533 2318 confugiendum.
576 2243 617 2303 Et
641 2247 678 2304 de
704 2248 830 2320 optativo
852 2256 972 2320 propter
992 2249 1150 2303 orationem

117 2329 266 2403 obliquam
292 2337 359 2401 post
385 2324 522 2390 ἐπειδὰν
547 2328 629 2386 illato
656 2331 782 2386 conferri
809 2329 893 2388 etiam
923 2330 1029 2402 poterit
1052 2348 1150 2384 earum

118 2412 322 2483 epistolarum,
342 2431 425 2483 >quae
452 2409 594 2476 Aeschini
620 2413 729 2468 oratori
755 2411 871 2468 attribui
893 2411 1003 2484 solent,
1032 2409 1151 2466 decunru

119 2497 147 2563 §.
169 2498 199 2549 8.
224 2493 270 2550 ed.
293 2490 390 2551 Bekk.
411 2514 441 2566 p.
464 2497 535 2550 684.
559 2492 604 2551 erl.
626 2491 746 2566 Retsk„
773 2495 823 2548 ubi
846 2493 916 2549 libri
934 2490 1009 2550 hanc
1029 2495 1151 2563 scriptu-

118 2594 181 2648 ram
209 2572 364 2632 exhibent:
392 2567 555 2636 Ἐπειδὰν
579 2570 615 2636 δὲ
647 2571 776 2646 πολλάς
804 2567 914 2648 λαβὼν
938 2567 1067 2654 πληγὰς
1097 2571 1152 2632 καλ

118 2647 350 2733 ἀπειπάμενος
370 2650 460 2728 ἐξίοι,
483 2650 540 2715 τδν
561 2651 713 2730 ποταμὸν
734 2647 822 2735 αὐτῷ
844 2655 1021 2738 νεμεσῆσαι
1038 2649 1151 2732 λέγειν,

119 2734 173 2800 ὅτι
195 2729 332 2819 νικήσας
357 2730 396 2797 οὗ
417 2733 547 2817 πατέρα
569 2727 784 2816 ἀνηγόρευσεν
806 2726 914 2794 αὐτόν.

202 2817 341 2892 Denique
362 2819 519 2876 dubitatum
541 2825 585 2875 est
602 2821 731 2889 possitue
757 2811 893 2878 ἐπειδάν
914 2817 999 2873 etiam
1020 2837 1085 2872 cnm
1106 2816 1152 2871 in·
1181 2812 1317 2898 Ἐπειδὰν

32 2933 39 2938 ·
120 2903 246 2960 dicativo
274 2903 356 2958 verbi
382 2900 466 2958 modo
491 2895 642 2973 componi,
671 2901 753 2956 cuius
783 2898 827 2952 rei
852 2896 976 2955 difficilis
1000 2899 1045 2955 eat
1065 2917 1151 2970 ροσε·
1168 2897 1351 2998 “““,“Ὓ’“·’
1384 2922 1388 2928 ·

120 2987 186 3044 atio.
229 2983 305 3041 Nam
334 2985 422 3042 etiarn
443 2984 470 3040 si
490 3002 580 3054 supra
599 2983 631 3037 in
652 2975 709 3042 e'titv
730 2980 868 3052 particula
890 2980 1015 3036 vidimus
1034 2981 1152 3052 quibua·
1168 2955 1326 3068 affingat

114 3068 187 3124 'dam
215 3069 247 3124 in
274 3067 345 3123 locis
375 3065 469 3122 videri
497 3062 623 3122 Graecos
649 3061 815 3136 neglexisse
837 3063 949 3118 fortuiti
973 3064 1047 3134 vim,
1076 3081 1151 3134 qnae
1209 3115 1217 3130 ,
1326 3057 1333 3069 ’

120 3157 167 3207 eat
185 3151 215 3204 in
238 3139 284 3208 iic
297 3147 437 3221 particula
457 3145 589 3203 adiuncta
609 3143 644 3200 atl
662 3143 833 3216 particulam
847 3144 1010 3217 relativam,
1027 3151 1058 3201 nt
1074 3143 1153 3201 idern

120 3234 207 3290 etiarn
238 3232 269 3288 in
299 3225 436 3292 ἐπειδὰν
462 3226 600 3301 particula
623 3225 688 3283 lieri
716 3226 845 3298 potuisse
870 3225 1022 3299 videatur,
1056 3233 1153 3282 tamen

118 3315 291 3388 plerumque
310 3312 451 3369 librorum
471 3312 613 3382 scriptura
631 3309 700 3364 satis
721 3316 798 3364 certa
819 3329 879 3364 non
900 3319 943 3365 esi
964 3307 1039 3380 apud
1060 3309 1154 3364 bonos

121 3397 238 3468 quidem
269 3396 444 3467 scriptores,
482 3391 572 3449 veluti
601 3394 632 3448 iu
663 3387 869 3463 Xenophontis
899 3389 1058 3461 Disciplina
1088 3388 1154 3456 Gyri

120 3479 172 3536 lib.
194 3475 219 3535 l.
248 3496 310 3548 cap.
333 3483 362 3532 3.
393 3477 421 3544 §.
446 3477 495 3530 17.
522 3473 590 3529 libri
619 3473 736 3542 (μήδεαι
761 3469 912 3528 Guelferb.
938 3467 1030 3524 Paris.
1051 3464 1091 3523 A.
1112 3465 1151 3522 Β.
1230 3547 1233 3552 Ι

95 3580 180 3616 nuo
202 3577 345 3616 consensu
365 3557 501 3626 scriptum
523 3551 678 3610 exhibent:
696 3543 850 3612 Ἐπειδὰν
874 3543 905 3610 δ’
931 3542 1013 3628 ἔγνω
1034 3542 1071 3607 τό
1091 3543 1152 3624 μὲν
1184 3611 1188 3620 ,
1311 3585 1321 3593 -

120 3636 261 3717 νόμιμον
283 3633 411 3699 δίκαιον
432 3625 526 3706 εἶναι,
547 3629 585 3693 τὸ
608 3629 645 3694 δὲ
666 3622 789 3707 άνομον
808 3627 929 3709 βίαιον,
950 3625 1009 3690 σὺν
1030 3620 1076 3710 τῷ
1098 3622 1153 3688 νό-
1304 3637 1307 3644 “

119 3745 174 3804 ,sup
199 3712 256 3783 οὖν
276 3707 497 3780 &aristonici
515 3709 572 3774 τόν
591 3707 747 3810 δικαστῂν
763 3705 822 3792 τὴν
841 3711 956 3793 ψῆφον
971 3704 1170 3771 τίθεσθαι...
1222 3781 1226 3788 ,

122 3815 219 3863 tamen
242 3822 258 3860 e
280 3798 358 3858 lucili
378 3799 570 3858 correctionet
588 3788 721 3873 Ἐπειδη
739 3787 770 3854 δ’
793 3788 873 3870 ἔγνω
893 3787 958 3852 κτλ.
977 3810 1053 3847 ronne
1068 3811 1153 3863 repo-

121 3890 211 3947 situm
232 3893 283 3942 est.
326 3878 423 3953 Saepe
443 3881 527 3938 enim
546 3885 663 3950 propter
684 3875 900 3934 similitudinem
921 3871 1153 3945 compendiorum

124 3961 261 4030 ἐπειδὰν
281 3969 312 4024 et
333 3957 450 4042 ἐπειδὴ
474 3961 630 4032 particulas
647 3953 784 4016 'confusae
802 3977 863 4014 esse
883 3955 1039 4012 docuerunt
1057 3953 1105 4012 Fr.
1119 3953 1153 4009 G.

122 4051 243 4109 Bestius
269 4047 305 4104 ad
323 4044 448 4120 Gregor.
469 4041 599 4102 Corinth.
620 4065 650 4116 p.
666 4046 741 4100 808.
759 4039 804 4101 ed.
824 4037 941 4101 Sebaet'·
970 4035 1099 4096 Zeuuiur
1119 4035 1155 4094 ad
