2902 4586
230 319 237 334 ,
291 265 337 338 ἃ
500 321 501 326 ,
750 261 877 346 illd.

295 437 376 504 Nam
399 447 558 519 postquam
582 413 699 504 mortus
715 422 765 504 G
789 438 955 502 Hermanui
981 450 1013 506 et
1039 437 1085 504 G
1104 439 1146 504 Η.
1164 432 1336 522 Solsssdoel,
1442 503 1443 510 ,

297 529 446 612 copiosius
470 536 567 586 autem
586 524 746 602 Hartungii
769 526 931 586 doctrinam
954 527 991 588 de
1015 525 1063 586 luis
1089 527 1242 603 particulis
1266 549 1337 603 per·

297 614 469 708 tractarit,
475 631 511 670 eo
540 611 656 668 demum
682 613 835 686 pervenit,
863 620 895 670 ut
921 610 1079 712 particulas
1107 611 1312 686 quibusdam'
1301 633 1335 672 ιι

297 693 369 754 locis
394 715 434 753 ex
455 683 580 756 dito'
558 721 578 779 η
601 703 678 752 ortas
703 715 769 794 epse
790 693 916 770 diceret,
942 697 975 754 in
995 697 1093 770 iisque
1114 696 1185 754 locis
1206 696 1336 756 scribes·

298 776 368 836 dum
394 779 574 880 praeciperet
601 767 725 839 illl-'³'
692 801 748 879 q,
768 780 801 836 in
830 779 896 838 aliis
924 786 1022 838 autem
1041 779 1113 838 locis
1133 781 1175 838 ita
1195 787 1337 840 statueret

244 900 247 906 ·
298 883 363 922 esso
402 851 523 945 ἀλλ’ἢ
563 859 639 919 nihil
669 863 730 921 nisi
747 853 899 925 ἅλλὰ”
878 885 919 946 η
918 860 1069 937 duasque
1105 865 1335 924 constructiones

297 885 522 1026 significatione
543 945 698 1006 admodum
728 946 840 1005 adfines
867 945 915 1004 hic
940 947 1092 1007 coaluisse.
1142 945 1241 1026 Quam
1268 968 1335 1007 sen·

298 1033 419 1090 tentiam
444 1031 501 1088 etsi
520 1029 619 1087 ιιιιιιι
643 1029 695 1088 ille
715 1030 881 1104 exemplis,
911 1049 986 1105 quae
994 1025 1142 1104 deinceps
1165 1031 1343 1107 explicavit„

298 1115 388 1172 tutari
410 1121 528 1171 conatus
553 1123 613 1186 est,
643 1120 740 1172 tamen
758 1134 825 1174 mea
846 1117 991 1172 sententia
1010 1114 1092 1173 nullo
1112 1113 1199 1174 moda
1219 1114 1336 1174 videtur

298 1188 547 1272 obfideraposse·
589 1193 725 1270 Namque
750 1199 919 1272 superse
940 1201 1048 1257 mirum
1069 1207 1154 1273 esset,
1180 1201 1206 1258 si
1228 1195 1334 1260 Graeci

298 1281 410 1341 eisdem
436 1279 587 1356 particulis
614 1280 724 1354 duplici
747 1280 836 1341 modo
857 1283 904 1339 usi
933 1291 1048 1359 esseut,
1076 1284 1118 1341 sic
1137 1281 1224 1342 facile
1246 1285 1335 1342 etiam

297 1363 397 1424 doceri
417 1371 513 1440 potest
532 1363 655 1422 alteram
672 1363 776 1423 harum
799 1366 946 1424 rationum
961 1386 1061 1427 veram
1076 1387 1141 1427 esse
1155 1365 1335 1442 eandemque

298 1450 432 1508 omnibus
452 1448 523 1508 locis
543 1447 691 1507 facillume
711 1448 844 1508 adhiberi
861 1468 957 1525 posse.
998 1448 1157 1510 Etenim
1132 1471 1159 1508 ιι
1174 1453 1335 1526 statuimus,

297 1533 330 1594 id
357 1532 472 1606 qued
462 1553 495 1591 ιι
523 1533 646 1634 sipgqlis
671 1532 743 1592 locis
768 1553 855 1594 nemo
882 1534 945 1594 iere
971 1537 1174 1633 grammaticus
1207 1537 1336 1634 negavit,

186 1635 189 1640 ¹
296 1616 460 1714 particulas
487 1604 605 1678 (ιίλλΗ
584 1639 604 1700 η
633 1623 716 1675 natas
744 1619 837 1678 fuisse
863 1637 903 1678 ex
929 1609 1026 1678 verbis
1055 1607 1149 1681 αλλο
1160 1605 1244 1703 “t'’
1274 1639 1337 1678 ιιι

299 1700 419 1777 quidem
439 1687 552 1762 ἄλλ’
530 1722 549 1782 q
572 1701 681 1776 ubique
701 1701 884 1761 scribendum
901 1704 1121 1777 putabimus-
1139 1699 1245 1763 Graeci
1257 1705 1337 1762 enim

281 1805 389 1862 ,quom
409 1785 530 1858 antiquo
552 1788 683 1858 tempore
704 1775 785 1848 ἀλλὰ
807 1789 1031 1860 pronuntiarent
1044 1787 1270 1888 scribereqtque,
1291 1786 1337 1846 fa·

297 1878 375 1929 ctum
395 1876 458 1944 est,
479 1873 511 1924 nt
529 1871 683 1930 contractis
703 1868 750 1928 his
771 1871 892 1947 syllabis
913 1872 1069 1930 recitarent
1090 1859 1204 1955 ἀλλ’ἢ
1212 1874 1284 1944 ,ita
1304 1877 1337 1928 ιι

297 1958 430 2012 accentus
461 1953 681 2011 notationem
671 1974 704 2010 ιι
734 1955 832 2027 pricre
864 1955 1004 2023 vocabulo
1059 1956 1126 2014 lane
1158 1894 1336 2030 omitterent,

298 2055 387 2114 qnam
405 2034 443 2094 ad
456 2035 575 2095 modum
594 2035 674 2096 idem
693 2037 826 2095 accidit’
816 2060 848 2097 ιι
869 2039 1010 2112 particula
1031 2031 1128 2114 allai,
1150 2058 1226 2112 quae
1247 2059 1337 2113 ιιιοιιι

287 2139 354 2196 per
374 2139 406 2179 se
426 2118 504 2177 nilril
524 2119 605 2179 aliud
626 2127 718 2195 esset,
747 2123 806 2180 nisi
828 2120 907 2197 quod
928 2124 1089 2208 posteriore
1109 2132 1239 2215 ternpore
1259 2123 1337 2182 diae·

226 2211 232 2220 ‘
297 2212 382 2264 retur
401 2203 542 2262 adiective
564 2193 658 2276 illic,
679 2205 803 2264 eandem
824 2214 922 2264 tamen
940 2201 1089 2266 accentum
1110 2210 1150 2265 ex
1162 2209 1337 2280 antiquitate

297 2289 454 2349 retinuisse
473 2275 599 2346 vidimus
623 2307 760 2364 supra-‚p
785 2297 929 2366 laq.-·
940 2330 950 2364 ,
981 2289 1033 2350 sed
1053 2289 1086 2349 id
1105 2299 1204 2348 tamen
1224 2291 1336 2350 obtine·

226 2439 229 2446 ,
299 2371 513 2447 timuissetis,
538 2391 627 2447 posse
648 2391 687 2431 cx
707 2371 761 2431 lrac
780 2376 874 2448 prima
895 2375 1009 2448 origiue
1030 2393 1130 2434 omnes
1151 2374 1245 2449 locos,
1272 2375 1338 2434 ubi-

298 2477 423 2531 cumque
442 2454 499 2515 liae
516 2455 676 2530 particulae
696 2459 864 2518 coniunctae
878 2458 1025 2534 legantur,
1044 2457 1170 2518 dilucide
1183 2457 1337 2534 explicari,

299 2543 389 2602 stiam
410 2561 478 2614 eos,
500 2541 604 2615 quibus
624 2540 674 2600 vel
693 2559 831 2601 maxume
849 2545 1030 2617 grammatici
1049 2545 1096 2602 usi
1118 2544 1187 2617 sint,
1209 2551 1241 2600 ut
1261 2541 1338 2600 lianc

287 2627 474 2686 -sertteutiam
492 2623 710 2728 redarguerent.
752 2622 808 2684 Sin
830 2629 982 2686 statuimus
1003 2627 1211 2702 particularum
1231 2625 1365 2684 harum*

297 2709 389 2770 verba
410 2698 496 2784 ἀλλὰ
517 2715 547 2768 et
567 2700 588 2792 ἢ
611 2707 799 2768 fundamenta
821 2731 901 2789 esse,
927 2709 1000 2770 haec
1021 2709 1188 2786 explicandi
1209 2709 1284 2768 ratio
1303 2718 1336 2770 et

287 2813 355 2870 per
375 2812 407 2852 se
427 2811 497 2850 saue
517 2794 592 2850 mira
612 2801 700 2868 atque
719 2793 936 2868 inexplicabilis
958 2813 1025 2854 essa
1046 2795 1161 2854 videtur
1183 2800 1228 2869 et,
1249 2797 1276 2854 si
1297 2795 1337 2852 sit

298 2877 378 2950 ulla,
404 2895 466 2935 non
486 2875 583 2934 tamen
605 2879 694 2934 etiam
714 2879 848 2936 omuibus
868 2877 914 2938 his
934 2879 1024 2954 locis,
1045 2880 1095 2937 ubi
1115 2878 1259 2939 habentur
1278 2877 1335 2936 liae

298 2959 474 3059 particulas,
494 2959 629 3018 adhiberi
649 2968 754 3034 potest,
776 2963 898 3037 utiam,
919 2971 985 3022 utra
1003 2965 1101 3024 verior
1121 2965 1160 3022 sit
1179 2961 1336 3036 sententia,

298 3052 331 3102 ut
350 3043 455 3117 opinio
474 3061 540 3100 mea
560 3042 629 3116 fert,
647 3045 756 3118 ambigi
777 3064 837 3103 nou
856 3049 961 3120 pessit.
1002 3045 1052 3107 Ac
1071 3050 1200 3122 primum
1217 3043 1337 3118 quidam

297 3129 408 3188 mirum
431 3123 505 3184 milri
530 3125 749 3203 videturesse,
778 3129 803 3186 si
825 3125 963 3234 Graeci,
974 3134 1027 3207 qui
1046 3151 1105 3190 ιοι
1125 3129 1258 3188 inferunt
1277 3129 1338 3186 nisi

287 3232 368 3272 -raro
393 3216 461 3284 post
488 3197 619 3272 οὔδει
609 3231 643 3268 ιι
670 3211 734 3269 aius
754 3212 834 3272 modi
854 3215 925 3274 locis
944 3207 1029 3279 ἀλλὰ
1050 3211 1219 3289 particulam
1240 3231 1337 3286 neque

297 3295 332 3356 id
357 3295 485 3369 iaciunt,
510 3294 570 3351 nisi
590 3294 721 3353 ubinam
736 3316 854 3358 omnem
871 3301 916 3360 rei
935 3299 1229 3378 comparationem
1201 3297 1338 3354 amittunt

299 3387 331 3440 et
349 3384 465 3436 tautum
483 3373 570 3435 modo
590 3377 713 3454 aliquid,
733 3382 812 3455 quod
831 3381 977 3444 diversum
996 3387 1036 3442 sit
1051 3382 1088 3440 ab
1107 3401 1153 3456 eo,
1172 3381 1250 3456 quod
1268 3388 1336 3438 ante

298 3463 409 3522 dictum
429 3467 484 3536 est,
507 3459 658 3537 adiiciunt,
675 3463 708 3522 id
727 3464 870 3526 adiuncta·
866 3453 1062 3544 ·particula‘
1041 3488 1072 3550 η,
1094 3466 1174 3524 cuius
1191 3465 1233 3526 sic
1248 3464 1336 3538 plane
1355 3537 1357 3540 Ι

299 3545 431 3606 nulla
402 3565 447 3604 sss
467 3551 555 3619 esset,
577 3556 635 3604 tam
653 3567 740 3623 saepe
760 3552 891 3625 iecerint,
912 3560 945 3610 ut
963 3551 1137 3611 constructio
1150 3549 1202 3606 illa
1217 3547 1337 3622 spridern

300 3648 373 3690 saue
389 3629 588 3688 usitatissum'a
602 3629 671 3692 hinc
683 3642 752 3692 nata
764 3637 854 3696 fuerit
866 3594 982 3698 οιλλῆ
1012 3633 1131 3695 Deinde
1147 3635 1235 3690 etiam
1247 3630 1336 3690 intel-

289 3715 360 3790 legi
372 3731 433 3772 aon
446 3719 554 3789 potest,
564 3734 616 3798 qur
606 3714 703 3776 duae
716 3721 875 3820 particulae
889 3706 984 3782 ἄλλα
984 3711 1036 3778 et
1026 3743 1045 3802 η
1057 3721 1088 3777 ιι
1100 3717 1147 3774 ιιι
1157 3714 1230 3773 locis
1240 3715 1336 3776 locunt

289 3797 409 3858 „maere
425 3798 550 3870 possint.
590 3795 668 3858 Nam
685 3805 735 3877 qui
753 3804 852 3863 dicunt
869 3823 932 3864 esse
947 3804 1067 3862 duarum
1072 3800 1336 3874 constructionum,

301 3899 377 3956 quae
393 3881 527 3954 singulae
542 3881 639 3943 locum
657 3881 766 3947 habere
787 3891 912 3964 possint,
928 3883 1175 3956 confusionem,
1164 3885 1188 3941 ιι
1207 3883 1335 3958 primum
1370 3904 1375 3913 ·

299 3985 362 4025 uon
382 3963 591 4042 demonstrent,
613 3988 689 4042 quae
708 3991 812 4033 mussa
829 3973 929 4046 fucrit,
949 3989 1000 4028 cur
1012 3964 1119 4028 Graeci
1136 3965 1190 4026 has
1210 3962 1336 4040 particu-

164 4031 183 4093 '.
298 4047 354 4121 las,
374 4048 453 4110 inter
473 4069 505 4108 se
524 4050 678 4112 admodum
693 4055 832 4125 diversas,
853 4054 1035 4115 sternacis
1050 4052 1266 4122 coniunxerint,
1285 4050 1336 4109 ulti

292 4132 386 4194 ortu
406 4132 565 4211 particulae
584 4136 634 4199 uis
652 4139 735 4216 satis,
756 4157 845 4216 quem
861 4137 902 4200 ad
922 4136 1042 4199 ιιιιιιι
1056 4137 1150 4202 rerba
1168 4133 1338 4211 accipienda
