2922 4586
249 233 329 316 ’ΜΒ
475 339 478 358 1
576 239 723 330 simi
748 221 841 323 obe,
872 244 1006 328 γοῦν,

263 415 433 475 anctoritate
458 411 613 476 constituit.
654 401 731 473 Non
750 412 840 472 multo
864 411 952 474 aliter
980 429 1027 473 res
1051 429 1118 474 sese
1142 404 1248 486 babet,
1276 413 1304 472 si

263 500 403 576 particule
433 494 470 579 ys*
498 500 529 558 in
560 498 622 556 eins
652 494 733 556 modi
762 497 833 554 locis
861 504 927 572 post
955 515 1061 556 nomen
1089 497 1302 557 substantivum

263 585 371 646 reiecta
390 591 444 658 est,
466 581 558 641 veluti
579 583 613 640 in
633 577 846 655 Aristophanis
866 585 941 640 Puco
964 600 995 642 s.
1020 581 1093 640 452.
1115 581 1238 642 diciturr

409 745 412 748 -
444 708 506 766 Ἐπὶ
522 713 571 767 τοῦ
587 713 688 786 τροχοῦ
706 712 738 782 γ’
755 709 858 765 ἕλκοιτο
874 705 1115 783 μαστιγούμενος,
1166 694 1169 702 ¹

263 836 370 915 quibus
388 836 422 894 in
443 836 542 896 verbis
562 834 609 894 vis
631 853 663 893 sc
681 822 809 908 potestas
828 835 954 893 nominis
977 833 1069 908 ipsius
1090 820 1222 892 effertur.
1263 830 1304 892 Et

262 918 335 983 hoec
357 917 475 994 quidem
495 917 631 978 hactenns
653 917 689 978 de
712 918 899 977 collocatione
921 918 1079 993 particulae
1103 912 1157 996 γε’,
1188 915 1304 992 quando

263 1003 373 1066 accedit
400 1000 437 1059 ad
465 1004 720 1078 praepositionem.
762 998 947 1078 Intellegitnr
974 1003 1053 1064 enirn
1078 999 1166 1072 facile
1193 1021 1232 1060 ex
1254 998 1304 1060 bis

262 1086 335 1150 locis
363 1086 496 1145 omnibus
526 1106 627 1145 verum
654 1083 728 1143 illud
755 1105 820 1144 esse
843 1094 1048 1160 praeceptum,
1074 1084 1244 1160 porticulum
1266 1079 1304 1166 pe*

264 1189 329 1232 eam
349 1169 453 1229 efferre
475 1188 586 1244 vocem,
611 1189 700 1242 qrram
721 1171 849 1244 excipiat
871 1170 902 1226 in
922 1169 1076 1227 verborum
1098 1167 1209 1227 ordine.

346 1251 430 1317 Haec
453 1252 554 1328 regula
576 1262 689 1312 servata
711 1261 754 1311 est
774 1254 860 1312 etiam
882 1254 926 1311 ibi
941 1273 957 1311 a
972 1250 1093 1312 Graecis
1108 1253 1306 1326 scriptoribus,

263 1338 290 1400 si
309 1335 425 1413 qnando
447 1339 482 1401 at
502 1357 535 1396 ea
551 1337 700 1402 aberrasse
715 1337 772 1395 visi
785 1345 853 1397 sunt
866 1338 1059 1411 grammaticis
1074 1338 1194 1396 nostris.
1227 1333 1304 1396 Nam

263 1419 384 1495 quibis
405 1421 532 1494 proferri
553 1429 675 1495 possunt
696 1419 769 1492 loci,
798 1421 820 1480 ii
841 1429 891 1482 arrt
913 1419 990 1480 falso
1012 1420 1153 1479 intellecti
1178 1429 1244 1482 sunt
1268 1419 1304 1478 ab

262 1505 468 1579 interpretibus
490 1511 539 1570 ent
560 1513 627 1564 sunt
648 1503 693 1566 illi
716 1503 831 1580 quidem
853 1505 893 1563 ita
914 1506 1080 1579 comparati,
1101 1513 1133 1561 nt
1149 1505 1305 1564 inteream

262 1607 372 1663 uocem,
394 1607 469 1662 quae
489 1585 617 1664 effertur,
638 1597 666 1646 et
687 1591 765 1645 inter
783 1588 953 1661 particulam
973 1584 1010 1668 γὲ
1031 1587 1306 1662 eliquavoxinter-

174 1715 177 1719 -
262 1673 338 1736 iecta
357 1670 488 1746 legetur,
511 1691 585 1745 qnae
607 1691 709 1734 sonurn
731 1669 845 1734 nultum
865 1673 896 1729 in
920 1674 1050 1731 oratione
1073 1669 1181 1732 babere
1200 1675 1306 1750 possit,

262 1762 374 1832 utque
398 1755 551 1818 reserenda
576 1757 615 1818 sit
639 1755 780 1829 particula
801 1757 951 1820 obscurum
975 1776 1120 1814 essenon
1142 1766 1240 1830 queat.

268 1847 270 1852 “
347 1836 451 1902 Dicam
480 1836 516 1896 de
545 1837 638 1896 ultero
665 1857 773 1912 genere
802 1841 892 1914 prius.
934 1837 1012 1899 Nam
1040 1841 1146 1916 quibus
1175 1842 1208 1897 in
1233 1840 1306 1902 locis
1379 1858 1382 1864 ’

262 1922 406 1996 particulo
429 1916 465 2001 ys*
493 1912 690 2005 ὑπερβάτὶος
715 1923 812 1996 posita
840 1943 904 1982 esse
931 1925 998 1982 visa
1025 1934 1068 1982 est
1094 1923 1176 1982 verbi
1205 1944 1307 1988 caussa

262 2003 315 2064 Fr.
339 2003 477 2064 Ellendto
507 2006 539 2063 in
567 2008 673 2064 Locico
703 2007 855 2084 Sophocleo
882 2003 956 2072 Vol.
977 2005 1002 2068 Ι.
1024 2030 1053 2083 p.
1080 2011 1167 2081 349„
1198 2009 1221 2067 ii
1249 2008 1307 2075 loci

262 2089 349 2150 facile
373 2089 504 2147 revocari
531 2095 665 2162 poterunt
687 2083 723 2145 sd
745 2083 923 2149 communem
945 2089 1086 2166 loquendi
1101 2091 1253 2167 regulam,
1276 2100 1307 2166 ut

263 2174 311 2230 vin
329 2171 533 2231 'doctissumus
561 2173 592 2229 in
621 2169 792 2246 quibusdem
817 2176 879 2231 eins
903 2167 982 2234 modi
1009 2174 1082 2234 locis
1103 2166 1167 2250 ipse
1192 2169 1307 2234 intelle·

263 2257 346 2313 xisse
378 2255 503 2315 videtur.
556 2253 604 2313 Ac
636 2257 762 2329 primurn
795 2257 914 2332 quidem
943 2258 995 2319 ille
1026 2260 1125 2334 posuit
1151 2255 1305 2335 Sophoclis

266 2337 335 2398 Ocu.
356 2357 414 2416 rep.
435 2358 464 2398 v.
486 2340 558 2400 714.
581 2336 626 2398 ed.
648 2336 750 2397 Herm.
1039 2375 1041 2382 ν
1300 2371 1302 2377 ·

427 2447 561 2522 Χρησμὸς
573 2447 632 2538 peip
650 2440 717 2518 ἦλθε
734 2449 816 2522 Λαΐῳ
836 2452 909 2522 noz’,
928 2452 1049 2525 obstipui

429 2523 536 2587 Φοίβου
553 2538 572 2589 y
602 2518 652 2574 r’cn'
672 2519 765 2590 αὑτοῦ,
785 2524 841 2576 τῶν
856 2520 884 2576 d'
905 2519 1048 2598 ὑπηρετῶν
1065 2518 1142 2592 ὄντα,

264 2641 324 2696 qno
352 2621 385 2680 in
411 2622 474 2681 loco
502 2645 589 2698 qrrom
615 2622 727 2698 Apollo
753 2627 846 2700 ipsius
873 2623 1071 2705 opponeretur·
1093 2631 1304 2705 interpretibus,

262 2707 380 2779 putavit
394 2703 555 2796 ‘Ellendtus
581 2707 717 2769 debuisse
742 2700 804 2774 ἀπ’
829 2701 931 2774 οὖνού
951 2733 986 2791 ys
1011 2712 1094 2784 dici„
1120 2712 1154 2772 ld
1179 2714 1231 2773 dici
1253 2737 1304 2789 po·

265 2790 357 2852 tuisse
376 2789 464 2848 facile
486 2790 610 2850 adducor
633 2804 663 2850 ut
688 2795 817 2869 credam,
841 2798 928 2854 etiam
951 2795 1085 2860 debuisse
1106 2799 1149 2855 ita
1162 2798 1227 2858 dici
1247 2819 1306 2857 non

264 2871 360 2944 credo.
402 2871 500 2933 Potuit
521 2877 599 2934 enim
619 2877 720 2936 eodem
739 2881 803 2939 iure
819 2882 908 2944 etiam
920 2882 1015 2954 ipsius
1032 2879 1188 2957 Apollinis
1201 2904 1307 2946 nomen

264 2954 376 3031 efferri,
398 2979 456 3032 quo
477 2962 673 3035 pronominis,
694 2971 781 3036 atque
801 2965 843 3022 ite
863 2963 935 3021 dici:
959 2985 1016 3023 οοο
1036 2966 1072 3024 ub
1092 2967 1224 3043 Apolline
1244 2971 1308 3045 qui-

264 3038 326 3102 dem
346 3044 418 3116 ipso,
440 3041 489 3100 scd
504 3041 539 3098 ‹cl›
552 3047 611 3106 eius
626 3046 830 3121 interpretibus.
873 3045 964 3122 quue
978 3051 1018 3106 ita
1033 3050 1130 3108 animo
1145 3054 1309 3126 concepisse

263 3117 438 3195 Sophoclem
460 3124 587 3198 produnt
610 3146 656 3201 ea,
699 3148 752 3205 nae
767 3127 863 3204 posuit
877 3133 974 3192 verbs.
1018 3130 1136 3192 Etenim
1150 3133 1207 3192 dici
1220 3137 1308 3200 etiam

263 3205 436 3280 simpliciter
457 3210 567 3281 potnitz
593 3199 653 3271 οὖν
675 3204 743 3271 απὸ
769 3207 897 3292 Φοίβου
918 3236 963 3293 γε,
986 3203 1056 3279 ἀπὸ
1081 3213 1118 3281 δὲ
1139 3222 1202 3279 τῶν
1221 3212 1308 3300 rinp-
1376 3285 1383 3298 ,

264 3284 391 3368 perois,
422 3299 469 3363 ut,
502 3311 577 3366 qnae
606 3299 673 3367 post
700 3287 828 3374 Φοίβου
849 3317 884 3376 ys
908 3296 1019 3358 adiecta
1041 3303 1131 3359 rerba
1153 3311 1220 3361 sunt
1242 3293 1305 3364 ἀπ’

265 3360 385 3448 aizoi,
413 3371 490 3432 nibil
517 3375 577 3436 nisi
603 3377 767 3442 uberiorem
789 3379 935 3452 quandam
959 3384 1002 3442 rei
1027 3383 1252 3460 explicationem
1274 3389 1308 3450 iu

265 3475 297 3513 se
319 3458 494 3518 contineant.
538 3457 637 3542 Quem
657 3460 781 3525 alterurn
801 3462 896 3526 locum
915 3485 955 3526 ex
967 3466 1221 3532 eudemsabulav.
1234 3473 1307 3535 715.

219 3587 227 3595 .
263 3540 364 3618 posuit
384 3537 562 3602 Ellendtuss
602 3585 604 3588 -
697 3584 700 3592 .
1117 3571 1120 3576 -

438 3656 494 3705 Kal
512 3652 560 3708 riv
575 3658 638 3726 μέν,
657 3653 751 3729 ὥσπερ
768 3657 798 3728 γ’
811 3656 835 3726 ’ἡ
853 3658 942 3732 φάτις,
960 3666 1033 3724 ξένοι
1048 3665 1116 3720 ποτὲ

395 3747 398 3754 ,
437 3723 533 3798 λῃσταὶ
553 3721 703 3795 φονεύουο’
723 3728 754 3782 ἐν
771 3732 895 3802 τριολιιῖς
911 3729 1053 3803 ἀμιιξηοΐς
1068 3735 1135 3802 xri„

220 3903 228 3910 ,
264 3842 306 3899 ibi
330 3843 384 3901 etsi
406 3841 465 3924 dici
484 3847 590 3920 potnit:
612 3841 727 3929 ὥσπερ
751 3843 771 3932 ἥ
794 3871 829 3931 ys
851 3845 962 3935 φάτις,
986 3861 1084 3916 tumea
1106 3878 1166 3915 non
1182 3856 1309 3928 dixerim

263 3934 380 3986 auctore
401 3924 537 3988 Ellendto
558 3928 822 4008 bauc‘legitnmnm
838 3937 928 3996 inisse
948 3941 1100 3999 verborum
1119 3943 1308 4018 positionem,

264 4007 386 4068 alteram
407 4014 504 4082 minus
527 4014 703 4089 legitumarn.
745 4015 822 4078 Nam
845 4041 933 4093 quom
945 4033 1042 4096 posset
1054 4026 1117 4083 soni
1131 4031 1161 4084 'et
1173 4017 1192 4110 ἡ
1207 4017 1310 4109 φάτις
1348 4007 1353 4014 ’

265 4099 294 4154 et
313 4095 448 4154 universe
469 4094 557 4174 baec,
586 4105 666 4179 quae
682 4099 974 4182 interponiturroxr
1004 4101 1119 4192 ὥσπερ
1148 4100 1167 4195 ἢ
1196 4099 1309 4196 φάτις,
