2872 4584
614 269 665 338 ei·
863 305 866 313 ’
975 321 978 328 -
1037 328 1039 332 ψ
1090 279 1151 346 501

113 439 190 517 quod
220 441 369 517 epic'ornnr
390 449 542 516 poetarum
563 459 725 501 sermonem
747 455 970 504 commemorant
994 437 1060 522 isti,
1087 449 1152 522 quis

113 525 211 585 credat
235 527 322 584 etiam
343 525 412 584 illos
433 526 498 584 siue
519 523 686 584 discrimine
707 525 774 584 tolia
798 527 919 608 fundere
940 532 1042 588 solitos
1062 537 1151 590 esset

198 608 285 687 Quod
308 629 397 682 qrrorn
418 609 460 666 ita
476 609 537 679 sit,
559 610 643 666 unice
666 607 737 666 milri
759 607 907 682 probanda
929 609 966 668 G.
988 610 1153 673 Hermonni

62 683 70 694 ’
113 692 407 769 sententio-ridetur,
438 693 488 763 qui
513 691 544 746 in
567 690 770 748 dissertatione
793 697 835 749 Dc
856 693 998 768 proctioulu
1020 687 1059 754 ir'r
1087 697 1108 752 1.
1130 698 1151 754 l.

113 795 143 848 p.
160 777 209 832 95:
231 776 380 849 praecipit,
402 775 617 830 coniunctivnnr
637 777 702 831 niue
717 775 863 848 particula
884 766 923 835 ἂν
945 779 1013 848 poni
1035 780 1066 834 iu
1088 799 1153 839 sen·

112 859 209 914 tentiis
237 856 502 928 condicionalibus,
525 857 581 924 ¹nbi
613 855 688 914 uilril
717 859 771 913 nisi
801 857 932 916 condicio
953 861 1018 931 ipsa
1041 859 1153 920 indies-

111 950 173 1012 tur,
205 939 272 998 addi
296 951 391 998 antem
415 929 470 1010 dv,
500 939 548 996 ubi
570 938 700 996 condicio
722 939 847 1012 pendeat
872 961 912 998 ex
935 942 1023 1000 rebus
1048 943 1153 1008 tonui·
1198 969 1201 976 ·

112 1023 159 1080 tis.
192 1019 226 1080 Si
238 1024 317 1096 ,quis
340 1033 436 1081 autem
455 1019 511 1078 boc
534 1022 618 1095 dicat,
641 1024 747 1080 mirum
771 1023 875 1095 videri,
897 1023 974 1096 qrrod
995 1045 1061 1082 curu
1076 1028 1152 1100 epici
1240 1095 1244 1102 ,

111 1115 215 1179 poetae
236 1102 305 1164 saue
324 1105 498 1179 frequenter
513 1107 553 1162 ita
573 1097 602 1166 ei
620 1125 685 1162 cum
706 1107 890 1164 corriunctiro
908 1110 1152 1180 composuissent,

111 1187 203 1246 Attici
233 1200 332 1247 contra
358 1191 512 1260 scriptores
539 1189 637 1260 paucis
663 1188 814 1246 admodum
836 1188 907 1246 locis
930 1187 985 1248 boc
1007 1189 1084 1250 idern
1107 1192 1152 1254 se-
1223 1243 1227 1250 .

111 1274 218 1343 ceriut,
248 1275 309 1330 eins
334 1273 377 1328 rei
401 1271 495 1327 lacilis
517 1273 590 1326 ratio
614 1270 694 1328 reddi
717 1280 822 1344 potest.
867 1269 941 1330 Nam
965 1293 1053 1345 quom
1076 1276 1163 1350 epici·

24 1365 28 1372 “
110 1364 231 1428 poetae,
266 1357 362 1428 prouti
400 1354 454 1410 loci
488 1366 590 1410 notura
621 1366 697 1426 erut,
729 1353 804 1411 burro
826 1353 873 1411 vel
899 1355 981 1411 illam
1009 1370 1152 1429 ponerent

111 1440 363 1509 constructionem,
393 1430 544 1508 scriptores
566 1433 662 1493 Attici
687 1439 782 1510 potius
804 1447 910 1494 certum
932 1442 1151 1497 constructionis
1234 1437 1238 1454 ¹

109 1539 202 1598 genus
235 1523 318 1594 sequi
349 1521 425 1586 soliti
454 1528 540 1591 snut,
567 1527 599 1575 nt
632 1521 688 1577 nisi
716 1522 878 1577 necessario
903 1519 1050 1578 efferenda
1073 1534 1151 1582 esset

109 1601 257 1686 cendicio,
286 1624 344 1693 uon
366 1611 509 1676 ponerent
528 1594 558 1663 el
579 1603 751 1674 particulam
770 1621 834 1660 curu
851 1603 1052 1664 coniunctim:
1080 1605 1151 1663 scrin¹

111 1697 208 1760 ptores
230 1695 325 1742 auteur
349 1687 535 1758 posteriores,
557 1687 608 1756 qni
631 1688 833 1758 proprietatem
856 1686 1020 1759 sermonis,
1048 1691 1091 1744 uti
1117 1691 1149 1750 in

2 1841 4 1846 ,
109 1771 243 1825 omnibus
274 1770 376 1826 ceteris
398 1768 521 1840 linguis,
550 1767 591 1823 sic
622 1769 709 1823 etiarn
734 1770 765 1825 in
789 1764 901 1824 Graeca
928 1767 1026 1840 lingua
1054 1772 1150 1829 miuus
1197 1791 1200 1800 ·

109 1853 265 1926 diligenter
294 1853 503 1923 observabant,
531 1848 647 1922 saepius
676 1852 763 1908 etiam
790 1850 830 1906 ibi
858 1849 940 1906 illam
963 1856 1149 1910 constructio-

110 1955 178 1993 nem
199 1936 391 2006 admiserunt,
419 1935 467 1990 ubi
498 1931 666 2006 diligentior
689 1953 783 1989 sermo
806 1951 870 1988 enm
893 1933 1071 2006 repudiabat.
1115 1933 1149 1997 ld
1195 1945 1199 1960 '

108 2027 204 2076 antem
237 2039 295 2076 uon
322 2011 388 2075 ide'o
412 2015 516 2073 lactum
540 2025 600 2090 est,
629 2015 705 2088 quod
728 2020 867 2072 rariorem
891 2013 1058 2100 atticorum
1079 2039 1148 2075 con.
1205 2059 1208 2067 .

108 2101 296 2160 structionem
323 2101 529 2170 innitebantur,
551 2097 609 2155 sed
634 2099 702 2175 quia
725 2088 844 2156 bmniuo
867 2097 937 2172 quil
958 2101 1063 2174 cuique
1084 2101 1147 2160 loco

23 2223 27 2242 .
105 2205 242 2244 maxume
270 2185 438 2243 conveniret
462 2183 557 2238 minus
584 2182 820 2255 considerabant,
851 2182 888 2240 ob
917 2197 1039 2256 eamque
1066 2204 1146 2259 rem,

2 2278 4 2284 “
108 2268 186 2342 qnod
216 2267 417 2342 neglegentior
447 2285 543 2324 sermo
572 2265 651 2322 nollo
681 2265 803 2323 sortasse
831 2276 962 2338 tempore
989 2281 1147 2340 agnoverat

89 2351 277 2428 discrimen,
308 2352 366 2424 ipsi
392 2349 481 2423 plane
508 2350 692 2421 ignorabant.
736 2347 775 2407 Et
802 2348 839 2406 de
865 2337 955 2422 epicis
985 2347 1146 2424 lyricisque
1214 2419 1218 2426 ι

106 2437 198 2509 poetis
220 2456 280 2492 non
305 2433 397 2491 dicam
421 2431 581 2503 hocloco,
609 2431 763 2489 rideantur
785 2442 881 2489 tamen
903 2451 978 2504 qnae
1002 2429 1041 2488 G.
1066 2431 1145 2492 ller-

106 2533 230 2575 manuos
260 2515 282 2572 l.
304 2515 325 2575 l.
350 2537 380 2590 p.
405 2519 446 2572 98
468 2534 533 2587 sqq.
557 2517 655 2587 posuit
676 2515 893 2592 explicaritque
915 2514 1061 2586 exempla.

170 2597 236 2658 De
263 2595 371 2658 Atticis
397 2605 493 2654 autern
520 2598 615 2668 poetis
643 2605 730 2668 atque
759 2597 922 2654 oratoribus
947 2594 980 2657 bi
1000 2595 1056 2656 loci
1078 2618 1145 2672 pon.

107 2692 176 2744 sunt
201 2681 345 2741 conlerrir
373 2677 518 2755 Aeschyli
536 2681 689 2736 Persarum
711 2697 740 2736 r.
763 2681 852 2752 792,
877 2695 935 2758 qno
956 2679 988 2736 in
1009 2677 1072 2736 loco
1097 2681 1144 2743 ubi
1237 2735 1243 2752 ,

107 2766 213 2828 ebosus
235 2761 327 2824 dixit:

294 2881 410 2974 ffl’p'cdr,
429 2883 499 2950 τ’ἔναξ
516 2891 617 2958 Δαρεῖε
624 2927 645 2970 ,Ἀ
653 2893 705 2940 ποῖ
718 2890 914 2957 καταστρέρτις

288 2964 379 3028 λογων
397 2953 612 3040 ceienrp'nrnnoio
628 2973 664 3007 αν
683 2955 712 3007 ἐκ
731 2952 886 3039 sopitur-'iu

287 3024 462 3105 πράσσοιμεν
480 3045 517 3086 ως
535 3037 632 3096 αρτστα
651 3027 786 3096 Περσικος
802 3026 885 3087 lemen

104 3169 222 3234 Dareus
245 3161 406 3242 respondite

286 3302 321 3350 Ei
337 3292 376 3364 μὴ
394 3287 582 3363 στρατεύοισθ’
603 3292 631 3354 ἐς
649 3288 695 3344 τὸν
709 3285 844 3358 Ἑλλήνων
864 3286 962 3358 τόσον,

287 3363 354 3436 μηδ’
375 3367 399 3416 εἰ
417 3357 572 3432 στράτευμα
592 3350 720 3432 reinseri
742 3358 771 3414 τὸ
789 3356 938 3426 Mpdnmn,

104 3489 210 3566 quibus
230 3489 262 3545 iu
283 3484 378 3544 verbis
399 3503 433 3540 ee
454 3479 582 3539 condicib
603 3481 668 3552 ipsa
690 3480 772 3552 qnasi
794 3499 853 3535 non
871 3477 957 3534 tactte
972 3481 1142 3551 ,exspectari

68 3615 72 3620 -
104 3574 197 3648 possit
217 3569 413 3646 significatur,
442 3561 520 3636 quod
542 3559 618 3618 nibil
641 3561 700 3620 nisi
720 3561 847 3632 simplex
869 3562 986 3633 ponitur
1007 3571 1141 3636 eventus,
1193 3561 1196 3573 '

105 3675 166 3714 nou
195 3665 289 3712 nartem
321 3647 357 3712 ad
384 3646 595 3720 experientiam
622 3662 668 3700 res
693 3654 825 3700 revocata
854 3652 906 3702 est.
949 3639 1036 3700 Caret
1061 3648 1141 3704 eninr

103 3739 247 3802 librorum
272 3734 440 3792 auctoritate
467 3725 545 3801 quod
572 3727 604 3782 in
638 3725 775 3825 exerpplo
797 3723 976 3866 Glaspprenni
1002 3729 1142 3800 scriptum
1183 3791 1195 3814 ἵ,

105 3833 164 3880 est:
187 3809 266 3906 rrpd’
292 3809 330 3902 ἢν
352 3805 539 3894 στράτευμα
561 3804 678 3908 micion
698 3829 721 3895 p
744 3801 780 3868 cd
806 3809 866 3886 Mu
890 3803 969 3904 ruric.

190 3899 321 3961 Pertinet
359 3895 415 3954 lure
451 3889 738 3966 etiarn‘Supplrcnur
768 3887 916 3968 Aescbylt
947 3909 974 3950 v.
1007 3893 1049 3948 90
1082 3911 1148 3968 sq..
1208 3951 1210 3962 Ι

277 4011 280 4020 ,
316 4032 415 4080 Htrrru
433 4021 466 4076 δ’.
482 4018 605 4090 tinnulis
618 4015 680 4072 οὐδ’
701 4019 747 4078 dni
765 4013 858 4086 νώτῳ,
913 4081 916 4088 ⁴

224 4121 229 4140 τ
314 4095 424 4172 κορυφᾷ
442 4087 508 4150 Διὸς
524 4091 549 4148 ei
567 4088 674 4161 κρανθῇ
692 4089 808 4158 ττρτῖγμα
826 4088 937 4144 τέλειον.

857 4169 924 4238 tt*
1011 4216 1015 4225 ι
