2922 4586
291 289 397 358 346*
521 238 525 244 ι
540 251 670 372 Ιγι,
702 285 869 388 ydros,
902 288 1019 372 γοῦν.

236 478 245 490 “
291 409 367 520 nihil
387 458 546 540 detrahitur
571 456 607 517 de
627 459 751 516 veritate
772 458 836 516 eins
857 459 912 532 rei,
936 475 1010 530 quae
1033 475 1086 530 per
1106 455 1274 530 particulam
1296 453 1335 534 γὲ

291 545 441 604 adfirmata
465 533 518 618 est,
540 543 592 610 sed
610 545 721 628 potins
724 540 911 601 confirmatur
926 541 977 598 illa
993 561 1039 598 res
1054 561 1099 614 eo,
1120 540 1198 615 quod
1213 561 1346 614 quoquo,

291 631 377 688 modo
406 631 444 687 sit
473 635 502 688 et
531 646 710 700 quacumque
735 627 863 700 ratione,
893 618 994 683 ta'men
1014 629 1108 701 utique
1134 645 1196 684 esse
1219 625 1333 683 dieitur.

290 711 462 785 Respondet
483 713 562 769 euim
582 711 739 811 aptitssume
751 731 797 788 γε
818 731 885 772 που
906 712 936 766 in
960 709 1006 767 his
1028 708 1097 766 locis
1117 707 1243 769 Latinae
1264 729 1333 782 par·

291 796 395 853 ticnlae
405 800 518 871 artique,
541 814 615 868 quae
637 797 702 868 ipsa
723 813 840 867 qnoque
858 793 1070 851 adfirmativam
1086 801 1267 865 potestatem
1272 813 1333 850 non

289 879 406 938 videtur
436 879 519 936 nacta
547 899 611 936 esse
637 880 696 936 nisi
717 880 774 953 ita,
802 886 834 934 ut
856 877 984 950 aliquid,
1014 887 1194 950 quacumque
1217 879 1344 934 ratione'

290 964 345 1038 sit,
374 970 470 1020 tamen
493 967 557 1020 ess‘e
581 962 735 1036 significet.
780 959 828 1018 De
850 958 916 1023 ιιοιι
938 961 1016 1018 inlra
1038 964 1194 1019 accuratius
1219 959 1333 1018 dicendi

190 1079 193 1098 ι
288 1047 369 1106 locus
384 1050 447 1106 erit.
472 1045 586 1104 Interea
599 1047 788 1103 conternntur
802 1043 832 1102 hi
845 1044 912 1119 loci,
934 1042 1143 1120 Aristophanis
1156 1046 1332 1102 Acharneus.

289 1150 319 1191 v·
341 1135 424 1206 896,
444 1131 495 1188 nbi
515 1139 666 1204 postquam
690 1127 820 1188 Boeotus
844 1127 934 1186 dixit:
955 1127 962 1194 J
1137 1142 1139 1146 ’
1320 1139 1329 1154 ‘

532 1224 612 1296 ’anot
632 1225 664 1280 dd
685 1223 750 1296 τιμιι
770 1226 852 1280 solede
870 1227 911 1278 ιιιι
928 1219 1090 1295 pastionum

198 1371 203 1388 .
289 1305 476 1406 Dicaeopolis
501 1331 673 1405 respondet:

317 1421 324 1438 ³
481 1425 689 1500 Ἀγορᾶςιέλος
703 1426 802 1495 ταύτην
817 1429 854 1497 γέ
868 1446 923 1480 που
942 1423 1040 1489 ’δώσεις
1056 1425 1140 1498 ἔμοι,

179 1559 182 1564 ¹
289 1552 348 1606 quo
368 1534 400 1591 in
421 1532 483 1591 loco
505 1555 564 1590 non
587 1553 626 1590 ex
646 1533 766 1592 alterius
790 1534 911 1594 arbitrio
933 1554 979 1592 res
994 1531 1192 1606 suspenditur,
1212 1537 1243 1588 ut
1257 1531 1330 1589 tales
1406 1575 1409 1579 -

288 1613 367 1676 locos
394 1619 502 1692 accepit
524 1615 739 1692 Hoogeneenns
761 1639 792 1692 p.
815 1619 884 1676 125.
907 1617 953 1676 ed.
976 1615 1112 1690 Schiitz.‚
1139 1615 1189 1674 sed
1210 1614 1265 1674 hoc
1286 1615 1330 1672 di-

193 1753 195 1760 ,
287 1704 377 1760 citur:
409 1705 472 1758 Die
499 1701 571 1776 pihst
598 1701 635 1757 dn
662 1706 717 1758 ιιιιι
744 1701 801 1773 auf
818 1701 904 1776 jadon
926 1703 991 1760 Foll
1019 1701 1063 1759 uls
1086 1699 1265 1776 Stultopelrl,
1298 1707 1329 1754 nt

289 1805 470 1858 quacumque
498 1783 554 1842 hoc
582 1787 695 1846 ratione
725 1785 794 1858 fiat,
823 1787 863 1842 ita
891 1779 987 1842 tamen
1014 1783 1179 1842 faciundum
1203 1803 1266 1840 esse
1289 1783 1329 1840 si-

276 1869 452 1943 gnificetur.
495 1868 599 1928 Altero
619 1869 780 1942 locc‚.t1uo
800 1887 872 1928 usus
890 1877 933 1928 est
955 1867 1189 1942 Hodgeveenus‚
1201 1859 1329 1926 ¹Aristo-

288 1951 395 2026 phanis
418 1973 435 2012 ιι
459 1955 558 2029 Vespis
579 1972 608 2011 v.
629 1957 681 2010 27.
764 2013 767 2019 ,

441 2059 542 2120 Asturis
559 2069 595 2136 γι*
608 2084 663 2119 που
678 2061 734 2120 ’στ’
754 2059 904 2139 ἅνθρωπος
921 2050 1070 2132 duapondo
1087 2059 1177 2132 ιπια,

289 2192 462 2247 quamquam
489 2171 532 2229 ibi
560 2169 718 2229 scholiasta
749 2173 867 2245 quoque
898 2191 961 2229 eam
991 2173 1160 2245 scripturam
1187 2170 1326 2248 agnoscit,
1411 2169 1417 2179 '

289 2266 385 2315 tamen
402 2275 460 2313 ιιοιι
482 2264 556 2328 utar,
579 2256 718 2328 quoniam
740 2253 777 2313 G.
798 2253 970 2313 Dindorfius
993 2257 1037 2313 ibi
1058 2255 1165 2314 edidit.

457 2361 556 2422 Διινόν
573 2369 609 2436 γέ
624 2361 715 2422 ιοιιοτ’
734 2361 885 2440 ἅνθρωπος
901 2364 1050 2432 ἀποβαλών
1070 2363 1192 2436 ὅπλα,

288 2442 366 2549 qdod
389 2493 449 2548 per
474 2493 508 2533 se
535 2472 642 2532 falsum
667 2492 728 2531 non
752 2480 804 2530 est.
847 2468 930 2530 Sed
932 2475 1101 2532 rectissume
1129 2471 1230 2532 adtulit
1250 2435 1325 2530 idem

119 2553 122 2558 ’
233 2579 234 2582 ’
279 2560 488 2635 -grammnticus
507 2577 526 2615 e
549 2555 679 2614 Platonis
700 2556 751 2619 lib.
774 2556 807 2613 de
824 2575 855 2614 ee
872 2555 1040 2632 puhlicoX.
1062 2555 1142 2616 Part.
1154 2556 1210 2616 lll.
1228 2557 1286 2615 vol.
1301 2554 1324 2614 l.

286 2665 315 2717 p.
338 2647 409 2703 490.
429 2641 474 2701 ed.
496 2639 595 2700 Bell.
618 2663 647 2714 p.
645 2640 741 2702 607.
763 2637 804 2698 D.
826 2639 870 2698 ed.
890 2637 930 2698 H.
949 2637 1069 2715 Steph.
1067 2636 1269 2742 Aoiprevdc'
1288 2634 1327 2718 γέ

285 2747 354 2787 που
380 2717 419 2787 ιιι
441 2720 588 2796 καὶτοῖς
609 2716 817 2828 προστάταις
838 2715 950 2805 αὖτις,
979 2719 1055 2786 ὅσοι
1077 2720 1133 2824 μὴ
1146 2719 1325 2821 ποιητικοί,

285 2803 507 2909 φιλοποιηταὶ
533 2804 583 2879 δι’,
614 2797 842 2888 decapolitana
867 2753 1073 2887 ιόγονὺπὲρ
1095 2799 1196 2890 αὐτῆς
1217 2799 1325 2870 εἰπεῖν

285 2884 349 2954 κτι
387 2901 437 2950 ant
472 2912 510 2950 ex
542 2890 672 2950 einsdem
700 2894 813 2992 scripti
834 2889 888 2948 lib.
915 2885 956 2948 V.
988 2913 1015 2966 p
1048 2896 1120 2950 269.
1138 2892 1199 2952 ed.
1225 2888 1324 2950 Bekk.

283 2995 315 3076 p.
339 2979 412 3034 478.
434 2973 476 3032 A.
502 2974 547 3032 ed.
570 2973 609 3032 Η.
635 2972 741 3074 steph.
765 2967 949 3058 Ἐπιστήιιι]
968 2971 1030 3058 μέν
1050 2972 1088 3056 γέ
1108 2996 1176 3038 που
1198 2968 1257 3038 ἐπὶ
1277 2973 1324 3060 τῷ

285 3049 364 3126 lives,
387 3053 424 3117 τὸ
448 3049 487 3118 tio
508 3057 628 3134 γνῶναι
652 3051 697 3130 ὡς
719 3050 794 3134 ἔχει.

160 3157 200 3209 Γ(
217 3174 267 3210 101,
366 3139 531 3198 Persimilis
562 3159 661 3200 caussa
688 3147 733 3198 est
758 3142 845 3198 etiam
872 3142 1074 3212 particularum
1098 3138 1136 3222 γέ
1155 3163 1223 3218 aot,
1249 3163 1325 3217 qrrae

284 3243 372 3297 saepe
395 3227 565 3282 coniunctae
590 3223 761 3298 leguntur,
766 3237 943 3297 quamquam
965 3246 1018 3284 usn
1038 3229 1103 3299 ipso
1124 3226 1247 3284 multum
1268 3226 1325 3288 dit-

279 3309 382 3366 ferunt
406 3327 457 3366 eae
481 3308 640 3381 particulae
662 3308 697 3365 ab
721 3309 777 3380 iis,
809 3325 879 3382 quas
903 3309 988 3366 modo
1011 3313 1204 3372 tractauimno.
1243 3309 1324 3370 Nam

283 3413 372 3468 quom
401 3386 437 3473 γέ
465 3411 518 3454 τοι
548 3393 583 3448 ab
604 3392 688 3448 initio
711 3390 788 3449 nihil
810 3401 888 3450 esset
909 3393 1003 3465 aliud,
1032 3389 1108 3452 ni'siz
1136 3405 1208 3454 uerte
1229 3397 1324 3472 ulique

282 3478 381 3546 modo,
412 3495 471 3550 qna
503 3475 538 3534 de
564 3495 608 3534 re·
623 3477 766 3550 copiosius
788 3474 897 3534 dicetur
918 3478 948 3533 in
969 3477 1110 3550 particula
1131 3474 1199 3551 τοί,
1228 3487 1324 3538 tamen

282 3559 421 3634 loquendi
453 3559 660 3618 consnetudine
693 3561 802 3618 factum
835 3568 894 3634 est,
929 3565 962 3618 nt
997 3581 1048 3620 eae
1078 3563 1238 3636 particulae
1264 3585 1324 3622 non
1385 3583 1387 3588 ’

281 3644 376 3702 solnm
407 3643 636 3704 adfirmationem
664 3663 700 3702 eo
728 3642 830 3718 modo,
860 3666 919 3718 qno
946 3665 1033 3720 supra
1056 3645 1091 3705 de
1114 3649 1265 3720 particulis
1289 3669 1325 3728 γε

281 3747 350 3790 που
375 3726 521 3804 vidimus,
548 3730 694 3787 continere
723 3729 910 3803 viderentur,
941 3738 973 3786 ut
998 3721 1079 3802 quod
1102 3751 1166 3794 esse
1196 3733 1323 3806 aliquo

280 3811 384 3870 modo
406 3812 560 3887 diceretur,
580 3811 612 3870 id
633 3832 769 3870 revera
789 3823 817 3870 et
837 3815 922 3870 sine
944 3813 1183 3874 dubitatione
1205 3817 1324 3890 quidem

281 3915 345 3955 esse
369 3895 526 3970 videretur,
549 3895 599 3954 sed
623 3896 854 3954 adfirmationem
876 3889 962 3954 talem
987 3897 1148 3974 denotaret,
1171 3921 1246 3973 quae
1272 3923 1323 3976 op-

195 3989 199 4012 *
280 3981 486 4054 positionem
477 4001 509 4037 ιιι
533 3999 566 4039 se
587 3978 717 4038 haberet.
762 3977 863 4053 ltaque
885 3977 923 4038 G.
946 3978 1134 4042 Hermannns
1156 3985 1323 4044 rectissume

280 4061 319 4120 ad
339 4058 484 4136 Vigemm
505 4085 535 4137 p.
558 4068 628 4121 828.
649 4067 690 4122 ιιι
712 4063 846 4124 delinivit
865 4083 938 4138 rem,
962 4074 993 4124 ut
1017 4065 1123 4133 diceret
1142 4069 1183 4126 ita
1204 4066 1322 4126 differre
1422 4097 1429 4104 ι

248 4235 253 4238 -
279 4145 436 4232 particulas
463 4141 499 4224 γὲ
530 4141 569 4226 dr)
601 4154 629 4206 et
657 4141 696 4227 γε’
723 4167 793 4224 τοι,
825 4147 903 4221 quod
933 4143 1177 4236 adsentantium
1204 4173 1259 4228 per
1285 4147 1323 4233 γὲ
