<?xml version="1.0" encoding="UTF-8"?>
<!DOCTYPE html PUBLIC "-//W3C//DTD XHTML 1.0 Transitional//EN"
    "http://www.w3.org/TR/xhtml1/DTD/xhtml1-transitional.dtd">
<html xmlns="http://www.w3.org/1999/xhtml" xml:lang="en" lang="en">
 <head>
  <title>
</title>
<meta http-equiv="Content-Type" content="text/html;charset=utf-8" />
  <meta name='ocr-system' content='tesseract 3.04.00' />
  <meta name='ocr-capabilities' content='ocr_page ocr_carea ocr_par ocr_line ocrx_word'/>
</head>
<body>
  <div class='ocr_page' id='page_1' title='image "./matthaeidevarii01klotgoog/matthaeidevarii01klotgoog_0171.png"; bbox 0 0 2916 4590; ppageno 0'>
   <div class='ocr_carea' id='block_1_1' title="bbox 285 282 952 385">
    <p class='ocr_par' dir='ltr' id='par_1_1' title="bbox 285 282 952 385">
     <span class='ocr_line' id='line_1_1' title="bbox 285 282 952 385; baseline -0.004 -23"><span class='ocrx_word' id='word_1_1' title='bbox 285 287 349 362; x_wconf 75' lang='lat'><strong>{58</strong></span> <span class='ocrx_word' id='word_1_2' title='bbox 773 282 797 356; x_wconf 83' lang='lat' dir='ltr'><strong>di</strong></span> <span class='ocrx_word' id='word_1_3' title='bbox 807 315 834 360; x_wconf 90' lang='grc' dir='ltr'><strong>ν.</strong></span> <span class='ocrx_word' id='word_1_4' title='bbox 948 380 952 385; x_wconf 15' lang='grc' dir='ltr'><em>ι</em></span> 
     </span>
    </p>
   </div>
   <div class='ocr_carea' id='block_1_2' title="bbox 284 431 1327 709">
    <p class='ocr_par' dir='ltr' id='par_1_2' title="bbox 284 431 1327 709">
     <span class='ocr_line' id='line_1_2' title="bbox 284 431 1327 543; baseline 0 -18"><span class='ocrx_word' id='word_1_5' title='bbox 284 463 526 542; x_wconf 28' lang='lat' dir='ltr'><strong>enimlparticula</strong></span> <span class='ocrx_word' id='word_1_6' title='bbox 545 455 585 528; x_wconf 76' lang='grc' dir='ltr'><strong>ἷλν</strong></span> <span class='ocrx_word' id='word_1_7' title='bbox 601 463 762 538; x_wconf 86' lang='lat' dir='ltr'><strong>supplenda</strong></span> <span class='ocrx_word' id='word_1_8' title='bbox 783 457 839 539; x_wconf 86' lang='lat' dir='ltr'><strong>est,</strong></span> <span class='ocrx_word' id='word_1_9' title='bbox 860 459 919 524; x_wconf 83' lang='lat' dir='ltr'><strong>nisi</strong></span> <span class='ocrx_word' id='word_1_10' title='bbox 938 459 995 523; x_wconf 86' lang='lat' dir='ltr'><strong>hoc</strong></span> <span class='ocrx_word' id='word_1_11' title='bbox 1015 465 1057 524; x_wconf 88' lang='lat' dir='ltr'><strong>lta</strong></span> <span class='ocrx_word' id='word_1_12' title='bbox 1077 463 1144 524; x_wconf 85' lang='lat' dir='ltr'><strong>lieri</strong></span> <span class='ocrx_word' id='word_1_13' title='bbox 1165 431 1270 543; x_wconf 33' lang='lat' dir='ltr'><strong>possiti</strong></span> <span class='ocrx_word' id='word_1_14' title='bbox 1293 474 1327 526; x_wconf 92' lang='lat' dir='ltr'><strong>ut</strong></span> 
     </span>
     <span class='ocr_line' id='line_1_3' title="bbox 285 549 1326 626; baseline -0.001 -15"><span class='ocrx_word' id='word_1_15' title='bbox 285 571 326 611; x_wconf 88' lang='lat' dir='ltr'><strong>cx</strong></span> <span class='ocrx_word' id='word_1_16' title='bbox 341 552 492 626; x_wconf 86' lang='lat' dir='ltr'><strong>proxumis</strong></span> <span class='ocrx_word' id='word_1_17' title='bbox 506 550 728 626; x_wconf 74' lang='lat' dir='ltr'><strong>cogitationem</strong></span> <span class='ocrx_word' id='word_1_18' title='bbox 742 556 902 624; x_wconf 90' lang='lat' dir='ltr'><strong>repetatur,</strong></span> <span class='ocrx_word' id='word_1_19' title='bbox 923 550 956 606; x_wconf 89' lang='lat' dir='ltr'><strong>in</strong></span> <span class='ocrx_word' id='word_1_20' title='bbox 966 549 1028 609; x_wconf 82' lang='lat' dir='ltr'><strong>illie</strong></span> <span class='ocrx_word' id='word_1_21' title='bbox 1042 557 1137 608; x_wconf 87' lang='lat' dir='ltr'><strong>autem</strong></span> <span class='ocrx_word' id='word_1_22' title='bbox 1150 549 1233 625; x_wconf 83' lang='lat' dir='ltr'><strong>locis,</strong></span> <span class='ocrx_word' id='word_1_23' title='bbox 1251 567 1326 624; x_wconf 79' lang='lat' dir='ltr'><strong>qnos</strong></span> 
     </span>
     <span class='ocr_line' id='line_1_4' title="bbox 284 624 1326 709; baseline 0 -15"><span class='ocrx_word' id='word_1_24' title='bbox 284 633 373 694; x_wconf 83' lang='lat' dir='ltr'><strong>habet</strong></span> <span class='ocrx_word' id='word_1_25' title='bbox 391 633 538 694; x_wconf 81' lang='lat' dir='ltr'><strong>Devarins</strong></span> <span class='ocrx_word' id='word_1_26' title='bbox 560 639 609 692; x_wconf 84' lang='lat' dir='ltr'><strong>ent</strong></span> <span class='ocrx_word' id='word_1_27' title='bbox 629 636 765 708; x_wconf 87' lang='lat' dir='ltr'><strong>corrupta</strong></span> <span class='ocrx_word' id='word_1_28' title='bbox 785 634 879 691; x_wconf 88' lang='lat' dir='ltr'><strong>oratio</strong></span> <span class='ocrx_word' id='word_1_29' title='bbox 901 637 1015 692; x_wconf 82' lang='lat' dir='ltr'><strong>estant</strong></span> <span class='ocrx_word' id='word_1_30' title='bbox 1035 635 1100 695; x_wconf 84' lang='lat' dir='ltr'><strong>sine</strong></span> <span class='ocrx_word' id='word_1_31' title='bbox 1122 624 1163 695; x_wconf 74' lang='lat' dir='ltr'><strong>ito</strong></span> <span class='ocrx_word' id='word_1_32' title='bbox 1182 635 1326 709; x_wconf 82' lang='lat' dir='ltr'><strong>porticula</strong></span> 
     </span>
    </p>
   </div>
   <div class='ocr_carea' id='block_1_3' title="bbox 181 717 952 794">
    <p class='ocr_par' dir='ltr' id='par_1_3' title="bbox 181 717 952 794">
     <span class='ocr_line' id='line_1_5' title="bbox 181 717 952 794; baseline -0.012 -13"><span class='ocrx_word' id='word_1_33' title='bbox 181 754 188 762; x_wconf 94' lang='lat'><em>-</em></span> <span class='ocrx_word' id='word_1_34' title='bbox 283 720 374 780; x_wconf 77' lang='lat' dir='ltr'><strong>verba</strong></span> <span class='ocrx_word' id='word_1_35' title='bbox 394 719 542 792; x_wconf 87' lang='lat' dir='ltr'><strong>scriptoris</strong></span> <span class='ocrx_word' id='word_1_36' title='bbox 565 717 703 794; x_wconf 79' lang='lat' dir='ltr'><strong>intellegi</strong></span> <span class='ocrx_word' id='word_1_37' title='bbox 721 724 799 776; x_wconf 81' lang='lat' dir='ltr'><strong>r&#39;ectc</strong></span> <span class='ocrx_word' id='word_1_38' title='bbox 822 718 952 792; x_wconf 77' lang='lat' dir='ltr'><strong>possunt.</strong></span> 
     </span>
    </p>
   </div>
   <div class='ocr_carea' id='block_1_4' title="bbox 222 800 1346 1658">
    <p class='ocr_par' dir='ltr' id='par_1_4' title="bbox 222 800 1346 1658">
     <span class='ocr_line' id='line_1_6' title="bbox 365 800 1326 874; baseline -0.001 -14"><span class='ocrx_word' id='word_1_39' title='bbox 365 800 408 860; x_wconf 85' lang='lat' dir='ltr'><strong>Et</strong></span> <span class='ocrx_word' id='word_1_40' title='bbox 430 803 463 860; x_wconf 89' lang='lat' dir='ltr'><strong>in</strong></span> <span class='ocrx_word' id='word_1_41' title='bbox 486 800 694 861; x_wconf 80' lang='lat' dir='ltr'><strong>Demosthenis</strong></span> <span class='ocrx_word' id='word_1_42' title='bbox 711 801 775 859; x_wconf 92' lang='lat' dir='ltr'><strong>loco</strong></span> <span class='ocrx_word' id='word_1_43' title='bbox 797 802 938 860; x_wconf 86' lang='lat' dir='ltr'><strong>orationis</strong></span> <span class='ocrx_word' id='word_1_44' title='bbox 955 800 989 860; x_wconf 82' lang='lat' dir='ltr'><strong>de</strong></span> <span class='ocrx_word' id='word_1_45' title='bbox 1010 803 1114 860; x_wconf 78' lang='lat' dir='ltr'><strong>cotona</strong></span> <span class='ocrx_word' id='word_1_46' title='bbox 1136 805 1164 874; x_wconf 83' lang='lat'><strong>§.</strong></span> <span class='ocrx_word' id='word_1_47' title='bbox 1183 804 1257 860; x_wconf 81' lang='grc'><strong>246.</strong></span> <span class='ocrx_word' id='word_1_48' title='bbox 1277 801 1326 860; x_wconf 74' lang='lat' dir='ltr'><strong>ed.</strong></span> 
     </span>
     <span class='ocr_line' id='line_1_7' title="bbox 282 875 1327 969; baseline 0.004 -25"><span class='ocrx_word' id='word_1_49' title='bbox 282 875 382 946; x_wconf 68' lang='lat' dir='ltr'><strong>Beki.</strong></span> <span class='ocrx_word' id='word_1_50' title='bbox 406 892 485 946; x_wconf 89' lang='lat' dir='ltr'><strong>recte</strong></span> <span class='ocrx_word' id='word_1_51' title='bbox 509 907 586 944; x_wconf 91' lang='lat' dir='ltr'><strong>nnuc</strong></span> <span class='ocrx_word' id='word_1_52' title='bbox 607 884 716 945; x_wconf 87' lang='lat' dir='ltr'><strong>editum</strong></span> <span class='ocrx_word' id='word_1_53' title='bbox 739 894 799 946; x_wconf 82' lang='lat' dir='ltr'><strong>eet:</strong></span> <span class='ocrx_word' id='word_1_54' title='bbox 835 876 949 947; x_wconf 80' lang='grc' dir='ltr'>Ταῦτά</span> <span class='ocrx_word' id='word_1_55' title='bbox 968 904 1029 962; x_wconf 84' lang='grc' dir='ltr'>μαι</span> <span class='ocrx_word' id='word_1_56' title='bbox 1047 877 1157 947; x_wconf 79' lang='grc' dir='ltr'><strong><em>πάντα</em></strong></span> <span class='ocrx_word' id='word_1_57' title='bbox 1178 880 1327 969; x_wconf 74' lang='lat' dir='ltr'><strong>naucip-</strong></span> 
     </span>
     <span class='ocr_line' id='line_1_8' title="bbox 238 957 1325 1055; baseline -0.001 -23"><span class='ocrx_word' id='word_1_58' title='bbox 238 1013 239 1016; x_wconf 63' lang='lat'>,</span> <span class='ocrx_word' id='word_1_59' title='bbox 264 991 356 1047; x_wconf 68' lang='grc' dir='ltr'>,παις</span> <span class='ocrx_word' id='word_1_60' title='bbox 376 964 433 1048; x_wconf 69' lang='grc' dir='ltr'><strong>καλ</strong></span> <span class='ocrx_word' id='word_1_61' title='bbox 454 962 563 1046; x_wconf 74' lang='grc' dir='ltr'><strong><em>οὐδεὶς</em></strong></span> <span class='ocrx_word' id='word_1_62' title='bbox 582 964 629 1052; x_wconf 84' lang='grc' dir='ltr'><strong>μή</strong></span> <span class='ocrx_word' id='word_1_63' title='bbox 651 959 736 1033; x_wconf 71' lang='grc' dir='ltr'><strong>ποθ’</strong></span> <span class='ocrx_word' id='word_1_64' title='bbox 763 961 842 1055; x_wconf 74' lang='grc' dir='ltr'><strong>εὕρῃ</strong></span> <span class='ocrx_word' id='word_1_65' title='bbox 864 962 901 1030; x_wconf 82' lang='grc' dir='ltr'><strong>τὸ</strong></span> <span class='ocrx_word' id='word_1_66' title='bbox 926 957 997 1029; x_wconf 76' lang='grc' dir='ltr'><strong>κατ’</strong></span> <span class='ocrx_word' id='word_1_67' title='bbox 1022 963 1081 1046; x_wconf 74' lang='grc' dir='ltr'><strong>ἐμὲ</strong></span> <span class='ocrx_word' id='word_1_68' title='bbox 1104 958 1199 1031; x_wconf 79' lang='grc' dir='ltr'><strong><em>οὐδὲν</em></strong></span> <span class='ocrx_word' id='word_1_69' title='bbox 1220 964 1325 1031; x_wconf 48' lang='grc' dir='ltr'><strong>ε’λλεια</strong></span> 
     </span>
     <span class='ocr_line' id='line_1_9' title="bbox 282 1042 1324 1138; baseline -0.009 -21"><span class='ocrx_word' id='word_1_70' title='bbox 282 1049 392 1138; x_wconf 61' lang='lat' dir='ltr'><strong>pici„</strong></span> <span class='ocrx_word' id='word_1_71' title='bbox 414 1060 448 1111; x_wconf 89' lang='lat' dir='ltr'><strong>ut</strong></span> <span class='ocrx_word' id='word_1_72' title='bbox 468 1049 577 1113; x_wconf 75' lang='lat' dir='ltr'><strong>de‘lroc</strong></span> <span class='ocrx_word' id='word_1_73' title='bbox 593 1053 671 1130; x_wconf 84' lang='lat' dir='ltr'><strong>loco‚&#39;</strong></span> <span class='ocrx_word' id='word_1_74' title='bbox 690 1051 741 1130; x_wconf 88' lang='lat' dir='ltr'><strong>qui</strong></span> <span class='ocrx_word' id='word_1_75' title='bbox 756 1052 812 1113; x_wconf 92' lang='lat' dir='ltr'><strong>huc</strong></span> <span class='ocrx_word' id='word_1_76' title='bbox 827 1073 886 1110; x_wconf 90' lang='lat' dir='ltr'><strong>non</strong></span> <span class='ocrx_word' id='word_1_77' title='bbox 901 1051 1058 1128; x_wconf 76' lang='lat' dir='ltr'><strong>pertineat,</strong></span> <span class='ocrx_word' id='word_1_78' title='bbox 1078 1052 1158 1111; x_wconf 83' lang='lat' dir='ltr'><strong>infre</strong></span> <span class='ocrx_word' id='word_1_79' title='bbox 1171 1042 1324 1110; x_wconf 84' lang='lat' dir='ltr'><strong>dicendum</strong></span> 
     </span>
     <span class='ocr_line' id='line_1_10' title="bbox 281 1131 1325 1220; baseline -0.001 -25"><span class='ocrx_word' id='word_1_80' title='bbox 281 1140 337 1212; x_wconf 84' lang='lat' dir='ltr'><strong>sit,</strong></span> <span class='ocrx_word' id='word_1_81' title='bbox 366 1139 417 1196; x_wconf 88' lang='lat' dir='ltr'><strong>nbi</strong></span> <span class='ocrx_word' id='word_1_82' title='bbox 441 1135 480 1196; x_wconf 87' lang='lat' dir='ltr'><strong>dc</strong></span> <span class='ocrx_word' id='word_1_83' title='bbox 508 1137 660 1214; x_wconf 80' lang='lat' dir='ltr'><strong>particulis</strong></span> <span class='ocrx_word' id='word_1_84' title='bbox 688 1131 734 1220; x_wconf 81' lang='grc' dir='ltr'><strong>μή</strong></span> <span class='ocrx_word' id='word_1_85' title='bbox 763 1156 847 1208; x_wconf 76' lang='grc' dir='ltr'><strong><em>πονε</em></strong></span> <span class='ocrx_word' id='word_1_86' title='bbox 876 1143 977 1210; x_wconf 77' lang='lat' dir='ltr'><strong>agetur</strong></span> <span class='ocrx_word' id='word_1_87' title='bbox 999 1135 1035 1194; x_wconf 88' lang='lat' dir='ltr'><strong>ad</strong></span> <span class='ocrx_word' id='word_1_88' title='bbox 1059 1158 1090 1211; x_wconf 91' lang='lat' dir='ltr'><strong>p.</strong></span> <span class='ocrx_word' id='word_1_89' title='bbox 1115 1141 1175 1196; x_wconf 80' lang='lat'><strong>136</strong></span> <span class='ocrx_word' id='word_1_90' title='bbox 1199 1157 1245 1211; x_wconf 85' lang='lat' dir='ltr'><strong>eq.</strong></span> <span class='ocrx_word' id='word_1_91' title='bbox 1287 1133 1325 1195; x_wconf 91' lang='lat' dir='ltr'><strong>In</strong></span> 
     </span>
     <span class='ocr_line' id='line_1_11' title="bbox 282 1217 1323 1295; baseline 0 -15"><span class='ocrx_word' id='word_1_92' title='bbox 282 1221 373 1280; x_wconf 86' lang='lat' dir='ltr'><strong>altero</strong></span> <span class='ocrx_word' id='word_1_93' title='bbox 394 1228 492 1280; x_wconf 87' lang='lat' dir='ltr'><strong>autem</strong></span> <span class='ocrx_word' id='word_1_94' title='bbox 511 1219 575 1280; x_wconf 90' lang='lat' dir='ltr'><strong>loco</strong></span> <span class='ocrx_word' id='word_1_95' title='bbox 597 1217 745 1281; x_wconf 78' lang='lat' dir='ltr'><strong>Plutarchi</strong></span> <span class='ocrx_word' id='word_1_96' title='bbox 760 1219 795 1280; x_wconf 81' lang='lat' dir='ltr'><strong>in</strong></span> <span class='ocrx_word' id='word_1_97' title='bbox 815 1225 876 1280; x_wconf 80' lang='lat' dir='ltr'><strong>vita</strong></span> <span class='ocrx_word' id='word_1_98' title='bbox 897 1221 1038 1279; x_wconf 79' lang='lat' dir='ltr'><strong>Gteeronte</strong></span> <span class='ocrx_word' id='word_1_99' title='bbox 1059 1239 1122 1294; x_wconf 84' lang='lat' dir='ltr'><strong>cop.</strong></span> <span class='ocrx_word' id='word_1_100' title='bbox 1137 1225 1188 1280; x_wconf 75' lang='lat' dir='ltr'><strong>et.</strong></span> <span class='ocrx_word' id='word_1_101' title='bbox 1203 1243 1234 1295; x_wconf 93' lang='lat' dir='ltr'><strong>p.</strong></span> <span class='ocrx_word' id='word_1_102' title='bbox 1250 1225 1323 1280; x_wconf 85' lang='grc'><strong>879.</strong></span> 
     </span>
     <span class='ocr_line' id='line_1_12' title="bbox 224 1296 1331 1406; baseline -0.001 -43"><span class='ocrx_word' id='word_1_103' title='bbox 224 1385 229 1388; x_wconf 31' lang='grc'>-</span> <span class='ocrx_word' id='word_1_104' title='bbox 281 1305 327 1363; x_wconf 88' lang='lat' dir='ltr'><strong>ed.</strong></span> <span class='ocrx_word' id='word_1_105' title='bbox 348 1303 502 1381; x_wconf 59' lang='lat' dir='ltr'><strong>Francoti,</strong></span> <span class='ocrx_word' id='word_1_106' title='bbox 533 1307 583 1364; x_wconf 89' lang='lat' dir='ltr'><strong>ubi</strong></span> <span class='ocrx_word' id='word_1_107' title='bbox 610 1301 682 1366; x_wconf 89' lang='lat' dir='ltr'><strong>haec</strong></span> <span class='ocrx_word' id='word_1_108' title='bbox 707 1305 796 1366; x_wconf 81' lang='lat' dir='ltr'><strong>uerba</strong></span> <span class='ocrx_word' id='word_1_109' title='bbox 818 1303 977 1364; x_wconf 85' lang='lat' dir='ltr'><strong>hahentur:</strong></span> <span class='ocrx_word' id='word_1_110' title='bbox 1007 1303 1040 1363; x_wconf 93' lang='grc' dir='ltr'><strong><em>Γ</em></strong></span> <span class='ocrx_word' id='word_1_111' title='bbox 1036 1297 1183 1406; x_wconf 59' lang='lat' dir='ltr'><strong>(neptune</strong></span> <span class='ocrx_word' id='word_1_112' title='bbox 1203 1298 1265 1387; x_wconf 75' lang='grc' dir='ltr'><strong>γὰρ</strong></span> <span class='ocrx_word' id='word_1_113' title='bbox 1287 1296 1331 1367; x_wconf 70' lang='grc' dir='ltr'><strong>ἐν.</strong></span> 
     </span>
     <span class='ocr_line' id='line_1_13' title="bbox 222 1382 1323 1475; baseline 0 -25"><span class='ocrx_word' id='word_1_114' title='bbox 222 1465 227 1472; x_wconf 26' lang='grc' dir='ltr'><em>Ι</em></span> <span class='ocrx_word' id='word_1_115' title='bbox 280 1387 354 1463; x_wconf 77' lang='grc' dir='ltr'><strong>ταῖς</strong></span> <span class='ocrx_word' id='word_1_116' title='bbox 386 1385 580 1464; x_wconf 77' lang='grc' dir='ltr'><strong><em>ἐπιστολαῖς</em></strong></span> <span class='ocrx_word' id='word_1_117' title='bbox 610 1387 801 1475; x_wconf 79' lang='grc' dir='ltr'><em>διαπορεῖν,</em></span> <span class='ocrx_word' id='word_1_118' title='bbox 833 1384 1007 1473; x_wconf 76' lang='grc' dir='ltr'><strong>ποτέρωσε</strong></span> <span class='ocrx_word' id='word_1_119' title='bbox 1032 1408 1094 1472; x_wconf 77' lang='grc' dir='ltr'><strong>χρη</strong></span> <span class='ocrx_word' id='word_1_120' title='bbox 1125 1382 1323 1471; x_wconf 70' lang='grc' dir='ltr'><strong>τρέπεσθαι,</strong></span> 
     </span>
     <span class='ocr_line' id='line_1_14' title="bbox 279 1463 1346 1556; baseline 0.001 -24"><span class='ocrx_word' id='word_1_121' title='bbox 279 1467 464 1554; x_wconf 83' lang='grc' dir='ltr'><strong><em>Πομπηΐου</em></strong></span> <span class='ocrx_word' id='word_1_122' title='bbox 495 1469 555 1552; x_wconf 76' lang='grc' dir='ltr'><strong>μὲν</strong></span> <span class='ocrx_word' id='word_1_123' title='bbox 588 1463 720 1550; x_wconf 69' lang='grc' dir='ltr'><strong><em>ἔνδοξον</em></strong></span> <span class='ocrx_word' id='word_1_124' title='bbox 746 1468 814 1535; x_wconf 79' lang='grc' dir='ltr'><strong>καὶΙ</strong></span> <span class='ocrx_word' id='word_1_125' title='bbox 828 1465 931 1534; x_wconf 65' lang='grc' dir='ltr'><strong><em>καλ“ν</em></strong></span> <span class='ocrx_word' id='word_1_126' title='bbox 957 1463 1123 1538; x_wconf 73' lang='grc' dir='ltr'><strong>ὑπόθεσιν</strong></span> <span class='ocrx_word' id='word_1_127' title='bbox 1149 1467 1238 1556; x_wconf 82' lang='grc' dir='ltr'><strong><em>πρὸς</em></strong></span> <span class='ocrx_word' id='word_1_128' title='bbox 1264 1466 1346 1544; x_wconf 65' lang='grc' dir='ltr'><strong>τὸν,</strong></span> 
     </span>
     <span class='ocr_line' id='line_1_15' title="bbox 280 1493 1323 1658; baseline -0.002 -40"><span class='ocrx_word' id='word_1_129' title='bbox 280 1551 428 1635; x_wconf 83' lang='grc' dir='ltr'><strong><em>πόλεμον</em></strong></span> <span class='ocrx_word' id='word_1_130' title='bbox 458 1547 807 1639; x_wconf 65' lang='grc' dir='ltr'>ἐλιονιος,,1(αι’σαρας</span> <span class='ocrx_word' id='word_1_131' title='bbox 834 1547 866 1618; x_wconf 84' lang='lat' dir='ltr'><strong>d’</strong></span> <span class='ocrx_word' id='word_1_132' title='bbox 892 1493 1029 1635; x_wconf 69' lang='lat' dir='ltr'><strong>incuruo</strong></span> <span class='ocrx_word' id='word_1_133' title='bbox 1054 1557 1126 1629; x_wconf 79' lang='grc' dir='ltr'><strong><em>τοῖς</em></strong></span> <span class='ocrx_word' id='word_1_134' title='bbox 1146 1541 1323 1658; x_wconf 64' lang='grc' dir='ltr'>πράγμαλιι</span> 
     </span>
    </p>
   </div>
   <div class='ocr_carea' id='block_1_5' title="bbox 233 1631 1322 2203">
    <p class='ocr_par' dir='ltr' id='par_1_5' title="bbox 233 1631 1322 2203">
     <span class='ocr_line' id='line_1_16' title="bbox 279 1631 1321 1743; baseline 0 -43"><span class='ocrx_word' id='word_1_135' title='bbox 279 1634 447 1743; x_wconf 57' lang='grc' dir='ltr'><strong>χρωμένου</strong></span> <span class='ocrx_word' id='word_1_136' title='bbox 469 1635 673 1720; x_wconf 81' lang='grc' dir='ltr'><strong><em>καὶμᾶλλον</em></strong></span> <span class='ocrx_word' id='word_1_137' title='bbox 695 1631 813 1704; x_wconf 73' lang='grc' dir='ltr'><strong>ἑαυτὸν</strong></span> <span class='ocrx_word' id='word_1_138' title='bbox 835 1635 892 1704; x_wconf 81' lang='grc' dir='ltr'><strong>καὶ</strong></span> <span class='ocrx_word' id='word_1_139' title='bbox 908 1634 986 1714; x_wconf 79' lang='grc' dir='ltr'><strong><em>τοὺς</em></strong></span> <span class='ocrx_word' id='word_1_140' title='bbox 1002 1631 1123 1742; x_wconf 67' lang='grc' dir='ltr'><strong><em>φίλους</em></strong></span> <span class='ocrx_word' id='word_1_141' title='bbox 1142 1635 1321 1740; x_wconf 45' lang='lat' dir='ltr'><strong>opulentos·</strong></span> 
     </span>
     <span class='ocr_line' id='line_1_17' title="bbox 281 1713 1320 1810; baseline -0.004 -22"><span class='ocrx_word' id='word_1_142' title='bbox 281 1719 349 1802; x_wconf 70' lang='grc' dir='ltr'><strong>ὦσι</strong></span> <span class='ocrx_word' id='word_1_143' title='bbox 385 1715 470 1802; x_wconf 64' lang='lat' dir='ltr'><strong>diram</strong></span> <span class='ocrx_word' id='word_1_144' title='bbox 495 1719 556 1804; x_wconf 80' lang='grc' dir='ltr'><strong>μὲν</strong></span> <span class='ocrx_word' id='word_1_145' title='bbox 584 1713 623 1787; x_wconf 77' lang='grc' dir='ltr'><strong>ὃν</strong></span> <span class='ocrx_word' id='word_1_146' title='bbox 647 1715 755 1810; x_wconf 77' lang='grc' dir='ltr'><em>φύγῃ,</em></span> <span class='ocrx_word' id='word_1_147' title='bbox 785 1718 832 1806; x_wconf 80' lang='grc' dir='ltr'><strong>μὴ</strong></span> <span class='ocrx_word' id='word_1_148' title='bbox 865 1715 949 1802; x_wconf 57' lang='lat' dir='ltr'><strong>ilceto</strong></span> <span class='ocrx_word' id='word_1_149' title='bbox 979 1719 1015 1786; x_wconf 86' lang='lat' dir='ltr'><strong>de</strong></span> <span class='ocrx_word' id='word_1_150' title='bbox 1042 1716 1131 1805; x_wconf 80' lang='grc' dir='ltr'><strong><em>πρὸς</em></strong></span> <span class='ocrx_word' id='word_1_151' title='bbox 1152 1713 1190 1784; x_wconf 75' lang='grc' dir='ltr'><strong>ὃν</strong></span> <span class='ocrx_word' id='word_1_152' title='bbox 1210 1741 1320 1806; x_wconf 68' lang='lat' dir='ltr'><strong>propp„</strong></span> 
     </span>
     <span class='ocr_line' id='line_1_18' title="bbox 233 1791 1321 1884; baseline -0.006 -17"><span class='ocrx_word' id='word_1_153' title='bbox 233 1860 236 1867; x_wconf 79' lang='grc'>,</span> <span class='ocrx_word' id='word_1_154' title='bbox 279 1828 317 1868; x_wconf 87' lang='lat' dir='ltr'><strong>ne</strong></span> <span class='ocrx_word' id='word_1_155' title='bbox 346 1805 441 1884; x_wconf 84' lang='lat' dir='ltr'><strong>potnit</strong></span> <span class='ocrx_word' id='word_1_156' title='bbox 469 1807 588 1882; x_wconf 88' lang='lat' dir='ltr'><strong>quidem</strong></span> <span class='ocrx_word' id='word_1_157' title='bbox 611 1807 707 1882; x_wconf 86' lang='lat' dir='ltr'><strong>locum</strong></span> <span class='ocrx_word' id='word_1_158' title='bbox 735 1804 844 1867; x_wconf 85' lang='lat' dir='ltr'><strong>habere</strong></span> <span class='ocrx_word' id='word_1_159' title='bbox 875 1805 1018 1882; x_wconf 88' lang='lat' dir='ltr'><strong>particula</strong></span> <span class='ocrx_word' id='word_1_160' title='bbox 1044 1791 1094 1866; x_wconf 76' lang='lat' dir='ltr'><strong>ir&#39;n.</strong></span> <span class='ocrx_word' id='word_1_161' title='bbox 1145 1801 1214 1866; x_wconf 88' lang='lat' dir='ltr'><strong>Non</strong></span> <span class='ocrx_word' id='word_1_162' title='bbox 1241 1806 1321 1863; x_wconf 89' lang='lat' dir='ltr'><strong>enim</strong></span> 
     </span>
     <span class='ocr_line' id='line_1_19' title="bbox 278 1886 1322 1969; baseline -0.005 -19"><span class='ocrx_word' id='word_1_163' title='bbox 278 1893 430 1967; x_wconf 85' lang='lat' dir='ltr'><strong>quaeritur</strong></span> <span class='ocrx_word' id='word_1_164' title='bbox 451 1886 487 1951; x_wconf 89' lang='lat' dir='ltr'><strong>de</strong></span> <span class='ocrx_word' id='word_1_165' title='bbox 506 1912 541 1951; x_wconf 88' lang='lat' dir='ltr'><strong>ea</strong></span> <span class='ocrx_word' id='word_1_166' title='bbox 561 1913 604 1969; x_wconf 84' lang='lat' dir='ltr'><strong>re,</strong></span> <span class='ocrx_word' id='word_1_167' title='bbox 624 1913 710 1968; x_wconf 83' lang='lat' dir='ltr'><strong>quae,</strong></span> <span class='ocrx_word' id='word_1_168' title='bbox 730 1893 758 1953; x_wconf 81' lang='lat' dir='ltr'><strong>si</strong></span> <span class='ocrx_word' id='word_1_169' title='bbox 777 1889 894 1966; x_wconf 79' lang='lat' dir='ltr'><strong>quando</strong></span> <span class='ocrx_word' id='word_1_170' title='bbox 907 1911 956 1951; x_wconf 86' lang='lat' dir='ltr'><strong>res</strong></span> <span class='ocrx_word' id='word_1_171' title='bbox 969 1891 1046 1950; x_wconf 86' lang='lat' dir='ltr'><strong>facta</strong></span> <span class='ocrx_word' id='word_1_172' title='bbox 1059 1887 1322 1964; x_wconf 85' lang='lat' dir='ltr'><strong>fuerit‚&#39;evenerit,</strong></span> 
     </span>
     <span class='ocr_line' id='line_1_20' title="bbox 277 1969 1322 2050; baseline -0.007 -13"><span class='ocrx_word' id='word_1_173' title='bbox 277 1976 330 2038; x_wconf 81' lang='lat' dir='ltr'><strong>sed</strong></span> <span class='ocrx_word' id='word_1_174' title='bbox 359 1972 396 2035; x_wconf 89' lang='lat' dir='ltr'><strong>de</strong></span> <span class='ocrx_word' id='word_1_175' title='bbox 419 1997 473 2050; x_wconf 90' lang='lat' dir='ltr'><strong>ea,</strong></span> <span class='ocrx_word' id='word_1_176' title='bbox 501 1997 576 2050; x_wconf 86' lang='lat' dir='ltr'><strong>quae</strong></span> <span class='ocrx_word' id='word_1_177' title='bbox 600 1975 716 2036; x_wconf 80' lang='lat' dir='ltr'><strong>eveniat</strong></span> <span class='ocrx_word' id='word_1_178' title='bbox 742 1977 872 2035; x_wconf 89' lang='lat' dir='ltr'><strong>omniuo.</strong></span> <span class='ocrx_word' id='word_1_179' title='bbox 914 1969 962 2034; x_wconf 87' lang='lat' dir='ltr'><strong>Ac</strong></span> <span class='ocrx_word' id='word_1_180' title='bbox 982 1995 1021 2033; x_wconf 85' lang='lat' dir='ltr'><strong>nc</strong></span> <span class='ocrx_word' id='word_1_181' title='bbox 1042 1975 1110 2048; x_wconf 83' lang='lat' dir='ltr'><strong>quis</strong></span> <span class='ocrx_word' id='word_1_182' title='bbox 1133 1974 1224 2048; x_wconf 89' lang='lat' dir='ltr'><strong>dicat,</strong></span> <span class='ocrx_word' id='word_1_183' title='bbox 1253 1993 1322 2047; x_wconf 89' lang='lat' dir='ltr'><strong>pro·</strong></span> 
     </span>
     <span class='ocr_line' id='line_1_21' title="bbox 276 2049 1322 2203; baseline -0.004 -85"><span class='ocrx_word' id='word_1_184' title='bbox 276 2068 377 2203; x_wconf 50' lang='lat' dir='ltr'><strong>{terea</strong></span> <span class='ocrx_word' id='word_1_185' title='bbox 403 2059 493 2120; x_wconf 81' lang='lat' dir='ltr'><strong>rerba</strong></span> <span class='ocrx_word' id='word_1_186' title='bbox 520 2051 603 2138; x_wconf 73' lang='grc' dir='ltr'>ἔχειν</span> <span class='ocrx_word' id='word_1_187' title='bbox 628 2058 716 2143; x_wconf 78' lang='grc' dir='ltr'><strong><em>πρὸς</em></strong></span> <span class='ocrx_word' id='word_1_188' title='bbox 741 2049 780 2122; x_wconf 71' lang='grc' dir='ltr'><strong>ὃν</strong></span> <span class='ocrx_word' id='word_1_189' title='bbox 808 2051 897 2142; x_wconf 70' lang='grc' dir='ltr'><strong>φύγῃ</strong></span> <span class='ocrx_word' id='word_1_190' title='bbox 921 2059 998 2133; x_wconf 78' lang='lat' dir='ltr'><strong>apud</strong></span> <span class='ocrx_word' id='word_1_191' title='bbox 1018 2055 1206 2132; x_wconf 80' lang='lat' dir='ltr'><strong>Plutarchum</strong></span> <span class='ocrx_word' id='word_1_192' title='bbox 1225 2056 1322 2118; x_wconf 90' lang='lat' dir='ltr'><strong>locum</strong></span> 
     </span>
    </p>
   </div>
   <div class='ocr_carea' id='block_1_6' title="bbox 277 2139 1321 2303">
    <p class='ocr_par' dir='ltr' id='par_1_6' title="bbox 277 2139 1321 2303">
     <span class='ocr_line' id='line_1_22' title="bbox 299 2139 1321 2220; baseline -0.002 -18"><span class='ocrx_word' id='word_1_193' title='bbox 299 2139 385 2203; x_wconf 77' lang='lat' dir='ltr'><strong>abere</strong></span> <span class='ocrx_word' id='word_1_194' title='bbox 396 2163 457 2201; x_wconf 92' lang='lat' dir='ltr'><strong>non</strong></span> <span class='ocrx_word' id='word_1_195' title='bbox 470 2163 567 2220; x_wconf 84' lang='lat' dir='ltr'><strong>posue,</strong></span> <span class='ocrx_word' id='word_1_196' title='bbox 579 2141 658 2218; x_wconf 84' lang='lat' dir='ltr'><strong>quod</strong></span> <span class='ocrx_word' id='word_1_197' title='bbox 670 2163 731 2200; x_wconf 91' lang='lat' dir='ltr'><strong>nou</strong></span> <span class='ocrx_word' id='word_1_198' title='bbox 743 2145 837 2216; x_wconf 85' lang='lat' dir='ltr'><strong>possit</strong></span> <span class='ocrx_word' id='word_1_199' title='bbox 849 2145 891 2200; x_wconf 91' lang='lat' dir='ltr'><strong>sic</strong></span> <span class='ocrx_word' id='word_1_200' title='bbox 904 2143 970 2214; x_wconf 85' lang='lat' dir='ltr'><strong>dici,</strong></span> <span class='ocrx_word' id='word_1_201' title='bbox 982 2143 1042 2202; x_wconf 86' lang='lat' dir='ltr'><strong>nisi</strong></span> <span class='ocrx_word' id='word_1_202' title='bbox 1054 2144 1172 2215; x_wconf 80' lang='lat' dir='ltr'><strong>negatio</strong></span> <span class='ocrx_word' id='word_1_203' title='bbox 1186 2159 1321 2216; x_wconf 83' lang='lat' dir='ltr'><strong>praeces·</strong></span> 
     </span>
     <span class='ocr_line' id='line_1_23' title="bbox 277 2220 1321 2303; baseline -0.004 -15"><span class='ocrx_word' id='word_1_204' title='bbox 277 2227 358 2301; x_wconf 83' lang='lat' dir='ltr'><strong>serit,</strong></span> <span class='ocrx_word' id='word_1_205' title='bbox 374 2221 453 2300; x_wconf 88' lang='lat' dir='ltr'><strong>quod</strong></span> <span class='ocrx_word' id='word_1_206' title='bbox 468 2223 564 2286; x_wconf 89' lang='lat' dir='ltr'><strong>docuit</strong></span> <span class='ocrx_word' id='word_1_207' title='bbox 576 2223 614 2287; x_wconf 86' lang='lat' dir='ltr'><strong>G.</strong></span> <span class='ocrx_word' id='word_1_208' title='bbox 626 2221 815 2287; x_wconf 78' lang='lat' dir='ltr'><strong>Hermannus</strong></span> <span class='ocrx_word' id='word_1_209' title='bbox 830 2227 881 2284; x_wconf 90' lang='lat' dir='ltr'><strong>lib.</strong></span> <span class='ocrx_word' id='word_1_210' title='bbox 894 2227 926 2285; x_wconf 88' lang='lat' dir='ltr'><strong>de</strong></span> <span class='ocrx_word' id='word_1_211' title='bbox 936 2227 1079 2303; x_wconf 75' lang='lat' dir='ltr'><strong>pantano</strong></span> <span class='ocrx_word' id='word_1_212' title='bbox 1089 2220 1130 2288; x_wconf 78' lang='lat' dir='ltr'><strong>itu</strong></span> <span class='ocrx_word' id='word_1_213' title='bbox 1139 2223 1179 2287; x_wconf 87' lang='lat' dir='ltr'><strong>ll.</strong></span> <span class='ocrx_word' id='word_1_214' title='bbox 1192 2246 1256 2301; x_wconf 89' lang='lat' dir='ltr'><strong>cap.</strong></span> <span class='ocrx_word' id='word_1_215' title='bbox 1270 2231 1321 2284; x_wconf 94' lang='grc'><strong>12.</strong></span> 
     </span>
    </p>
   </div>
   <div class='ocr_carea' id='block_1_7' title="bbox 168 2305 1320 2387">
    <p class='ocr_par' dir='ltr' id='par_1_7' title="bbox 168 2305 1320 2387">
     <span class='ocr_line' id='line_1_24' title="bbox 168 2305 1320 2387; baseline -0.002 -17"><span class='ocrx_word' id='word_1_216' title='bbox 168 2351 175 2360; x_wconf 90' lang='grc'><strong>-</strong></span> <span class='ocrx_word' id='word_1_217' title='bbox 240 2354 245 2363; x_wconf 65' lang='grc'><strong>.</strong></span> <span class='ocrx_word' id='word_1_218' title='bbox 276 2335 306 2387; x_wconf 91' lang='lat' dir='ltr'><strong>p.</strong></span> <span class='ocrx_word' id='word_1_219' title='bbox 334 2315 395 2371; x_wconf 78' lang='lat'><strong>129</strong></span> <span class='ocrx_word' id='word_1_220' title='bbox 416 2331 473 2386; x_wconf 63' lang='lat' dir='ltr'><strong>eq„</strong></span> <span class='ocrx_word' id='word_1_221' title='bbox 496 2331 558 2370; x_wconf 84' lang='lat' dir='ltr'><strong>non</strong></span> <span class='ocrx_word' id='word_1_222' title='bbox 582 2305 704 2386; x_wconf 72' lang='lat' dir='ltr'><strong>possum</strong></span> <span class='ocrx_word' id='word_1_223' title='bbox 727 2305 847 2368; x_wconf 87' lang='lat' dir='ltr'><strong>diffiteri</strong></span> <span class='ocrx_word' id='word_1_224' title='bbox 866 2311 946 2370; x_wconf 83' lang='lat' dir='ltr'><strong>istud</strong></span> <span class='ocrx_word' id='word_1_225' title='bbox 967 2311 1134 2370; x_wconf 81' lang='lat' dir='ltr'><strong>acutissumi</strong></span> <span class='ocrx_word' id='word_1_226' title='bbox 1156 2311 1214 2370; x_wconf 87' lang='lat' dir='ltr'><strong>viri</strong></span> <span class='ocrx_word' id='word_1_227' title='bbox 1233 2329 1320 2384; x_wconf 84' lang='lat' dir='ltr'><strong>prae·</strong></span> 
     </span>
    </p>
   </div>
   <div class='ocr_carea' id='block_1_8' title="bbox 274 2387 1383 2808">
    <p class='ocr_par' dir='ltr' id='par_1_8' title="bbox 274 2387 1383 2808">
     <span class='ocr_line' id='line_1_25' title="bbox 278 2387 1320 2471; baseline 0 -17"><span class='ocrx_word' id='word_1_228' title='bbox 278 2401 394 2471; x_wconf 85' lang='lat' dir='ltr'><strong>ceptum</strong></span> <span class='ocrx_word' id='word_1_229' title='bbox 419 2391 494 2454; x_wconf 88' lang='lat' dir='ltr'><strong>mihi</strong></span> <span class='ocrx_word' id='word_1_230' title='bbox 518 2393 628 2455; x_wconf 81' lang='lat' dir='ltr'><strong>salsum</strong></span> <span class='ocrx_word' id='word_1_231' title='bbox 646 2387 753 2455; x_wconf 78' lang='lat' dir='ltr'><strong>rideri.</strong></span> <span class='ocrx_word' id='word_1_232' title='bbox 797 2393 900 2456; x_wconf 84' lang='lat' dir='ltr'><strong>Potest</strong></span> <span class='ocrx_word' id='word_1_233' title='bbox 928 2396 1006 2467; x_wconf 85' lang='lat' dir='ltr'><strong>enim</strong></span> <span class='ocrx_word' id='word_1_234' title='bbox 1032 2389 1080 2453; x_wconf 85' lang='lat' dir='ltr'><strong>hic</strong></span> <span class='ocrx_word' id='word_1_235' title='bbox 1108 2395 1320 2468; x_wconf 74' lang='lat' dir='ltr'><strong>coniunctivae,</strong></span> 
     </span>
     <span class='ocr_line' id='line_1_26' title="bbox 274 2473 1320 2556; baseline -0.002 -19"><span class='ocrx_word' id='word_1_236' title='bbox 274 2498 365 2556; x_wconf 67' lang='lat' dir='ltr'><strong>&#39;quem</strong></span> <span class='ocrx_word' id='word_1_237' title='bbox 387 2477 504 2554; x_wconf 86' lang='lat' dir='ltr'><strong>dicunt,</strong></span> <span class='ocrx_word' id='word_1_238' title='bbox 535 2473 741 2552; x_wconf 83' lang='lat' dir='ltr'><strong>deliberatirus</strong></span> <span class='ocrx_word' id='word_1_239' title='bbox 771 2486 801 2538; x_wconf 90' lang='lat' dir='ltr'><strong>et</strong></span> <span class='ocrx_word' id='word_1_240' title='bbox 827 2499 1000 2556; x_wconf 84' lang='lat' dir='ltr'><strong>praegressa</strong></span> <span class='ocrx_word' id='word_1_241' title='bbox 1025 2479 1181 2555; x_wconf 79' lang='lat' dir='ltr'><strong>negatione</strong></span> <span class='ocrx_word' id='word_1_242' title='bbox 1207 2485 1236 2536; x_wconf 90' lang='lat' dir='ltr'><strong>et</strong></span> <span class='ocrx_word' id='word_1_243' title='bbox 1258 2496 1320 2536; x_wconf 92' lang='lat' dir='ltr'><strong>non</strong></span> 
     </span>
     <span class='ocr_line' id='line_1_27' title="bbox 275 2559 1319 2639; baseline -0.002 -15"><span class='ocrx_word' id='word_1_244' title='bbox 275 2583 450 2639; x_wconf 73' lang='lat' dir='ltr'><strong>praegressa</strong></span> <span class='ocrx_word' id='word_1_245' title='bbox 479 2563 567 2638; x_wconf 80' lang='lat' dir='ltr'><strong>poni.¹</strong></span> <span class='ocrx_word' id='word_1_246' title='bbox 587 2631 592 2639; x_wconf 25' lang='grc' dir='ltr'>ι</span> <span class='ocrx_word' id='word_1_247' title='bbox 614 2559 719 2638; x_wconf 86' lang='lat' dir='ltr'><strong>Neque</strong></span> <span class='ocrx_word' id='word_1_248' title='bbox 751 2565 830 2623; x_wconf 88' lang='lat' dir='ltr'><strong>enim</strong></span> <span class='ocrx_word' id='word_1_249' title='bbox 863 2566 896 2622; x_wconf 91' lang='lat' dir='ltr'><strong>in</strong></span> <span class='ocrx_word' id='word_1_250' title='bbox 929 2563 993 2639; x_wconf 89' lang='lat' dir='ltr'><strong>ipsa</strong></span> <span class='ocrx_word' id='word_1_251' title='bbox 1023 2559 1110 2623; x_wconf 82' lang='lat' dir='ltr'><strong>huius</strong></span> <span class='ocrx_word' id='word_1_252' title='bbox 1142 2559 1319 2622; x_wconf 82' lang='lat' dir='ltr'><strong>coniunctivi</strong></span> 
     </span>
     <span class='ocr_line' id='line_1_28' title="bbox 276 2645 1383 2724; baseline -0.003 -18"><span class='ocrx_word' id='word_1_253' title='bbox 276 2655 380 2708; x_wconf 86' lang='lat' dir='ltr'><strong>natura</strong></span> <span class='ocrx_word' id='word_1_254' title='bbox 407 2645 519 2722; x_wconf 85' lang='lat' dir='ltr'><strong>aliquid</strong></span> <span class='ocrx_word' id='word_1_255' title='bbox 543 2651 638 2724; x_wconf 89' lang='lat' dir='ltr'><strong>inest,</strong></span> <span class='ocrx_word' id='word_1_256' title='bbox 669 2645 754 2724; x_wconf 84' lang='lat' dir='ltr'><strong>quod.</strong></span> <span class='ocrx_word' id='word_1_257' title='bbox 771 2654 850 2708; x_wconf 79' lang='lat' dir='ltr'><strong>vetet</strong></span> <span class='ocrx_word' id='word_1_258' title='bbox 875 2646 943 2707; x_wconf 85' lang='lat' dir='ltr'><strong>fleri</strong></span> <span class='ocrx_word' id='word_1_259' title='bbox 968 2647 1044 2706; x_wconf 83' lang='lat' dir='ltr'><strong>hane</strong></span> <span class='ocrx_word' id='word_1_260' title='bbox 1065 2647 1319 2721; x_wconf 82' lang='lat' dir='ltr'><strong>deliberationem,</strong></span> <span class='ocrx_word' id='word_1_261' title='bbox 1378 2673 1383 2678; x_wconf 87' lang='lat'>·</span> 
     </span>
     <span class='ocr_line' id='line_1_29' title="bbox 275 2721 1318 2808; baseline -0.002 -17"><span class='ocrx_word' id='word_1_262' title='bbox 275 2734 364 2791; x_wconf 85' lang='lat' dir='ltr'><strong>etiam</strong></span> <span class='ocrx_word' id='word_1_263' title='bbox 385 2733 413 2793; x_wconf 82' lang='lat' dir='ltr'><strong>si</strong></span> <span class='ocrx_word' id='word_1_264' title='bbox 435 2731 552 2794; x_wconf 81' lang='lat' dir='ltr'><strong>eveniat</strong></span> <span class='ocrx_word' id='word_1_265' title='bbox 574 2753 632 2808; x_wconf 87' lang='lat' dir='ltr'><strong>res,</strong></span> <span class='ocrx_word' id='word_1_266' title='bbox 656 2740 686 2792; x_wconf 89' lang='lat' dir='ltr'><strong>et</strong></span> <span class='ocrx_word' id='word_1_267' title='bbox 699 2733 851 2807; x_wconf 88' lang='lat' dir='ltr'><strong>permultis</strong></span> <span class='ocrx_word' id='word_1_268' title='bbox 863 2729 937 2791; x_wconf 81' lang='lat' dir='ltr'><strong>locis</strong></span> <span class='ocrx_word' id='word_1_269' title='bbox 950 2732 1070 2807; x_wconf 84' lang='lat' dir='ltr'><strong>probari</strong></span> <span class='ocrx_word' id='word_1_270' title='bbox 1082 2739 1177 2806; x_wconf 85' lang='lat' dir='ltr'><strong>potest</strong></span> <span class='ocrx_word' id='word_1_271' title='bbox 1191 2721 1318 2790; x_wconf 81' lang='lat' dir='ltr'><strong>Graecos</strong></span> 
     </span>
    </p>
   </div>
   <div class='ocr_carea' id='block_1_9' title="bbox 275 2812 1417 2979">
    <p class='ocr_par' dir='ltr' id='par_1_9' title="bbox 275 2812 1417 2979">
     <span class='ocr_line' id='line_1_30' title="bbox 276 2812 1417 2894; baseline -0.002 -18"><span class='ocrx_word' id='word_1_272' title='bbox 276 2819 364 2893; x_wconf 84' lang='lat' dir='ltr'><strong>etiam</strong></span> <span class='ocrx_word' id='word_1_273' title='bbox 384 2818 450 2877; x_wconf 81' lang='lat' dir='ltr'><strong>sine</strong></span> <span class='ocrx_word' id='word_1_274' title='bbox 469 2819 625 2894; x_wconf 80' lang='lat' dir='ltr'><strong>negatione</strong></span> <span class='ocrx_word' id='word_1_275' title='bbox 641 2814 718 2875; x_wconf 90' lang='lat' dir='ltr'><strong>hunc</strong></span> <span class='ocrx_word' id='word_1_276' title='bbox 733 2815 847 2874; x_wconf 87' lang='lat' dir='ltr'><strong>dicendi</strong></span> <span class='ocrx_word' id='word_1_277' title='bbox 861 2812 979 2874; x_wconf 88' lang='lat' dir='ltr'><strong>mudum</strong></span> <span class='ocrx_word' id='word_1_278' title='bbox 995 2813 1156 2876; x_wconf 83' lang='lat' dir='ltr'><strong>admisisse.</strong></span> <span class='ocrx_word' id='word_1_279' title='bbox 1198 2813 1319 2874; x_wconf 86' lang='lat' dir='ltr'><strong>Praeter</strong></span> <span class='ocrx_word' id='word_1_280' title='bbox 1414 2859 1417 2866; x_wconf 79' lang='lat'><em>-</em></span> 
     </span>
     <span class='ocr_line' id='line_1_31' title="bbox 275 2897 1408 2979; baseline -0.002 -19"><span class='ocrx_word' id='word_1_281' title='bbox 275 2920 358 2976; x_wconf 88' lang='lat' dir='ltr'><strong>eum,</strong></span> <span class='ocrx_word' id='word_1_282' title='bbox 390 2921 479 2979; x_wconf 77' lang='lat' dir='ltr'><strong>quem</strong></span> <span class='ocrx_word' id='word_1_283' title='bbox 507 2923 596 2976; x_wconf 85' lang='lat' dir='ltr'><strong>supra</strong></span> <span class='ocrx_word' id='word_1_284' title='bbox 621 2901 723 2977; x_wconf 80' lang='lat' dir='ltr'><strong>poeni,</strong></span> <span class='ocrx_word' id='word_1_285' title='bbox 754 2897 904 2958; x_wconf 87' lang='lat' dir='ltr'><strong>Plutarchi</strong></span> <span class='ocrx_word' id='word_1_286' title='bbox 929 2901 1025 2960; x_wconf 90' lang='lat' dir='ltr'><strong>locum</strong></span> <span class='ocrx_word' id='word_1_287' title='bbox 1056 2900 1163 2976; x_wconf 89' lang='lat' dir='ltr'><strong>poterit</strong></span> <span class='ocrx_word' id='word_1_288' title='bbox 1191 2900 1330 2958; x_wconf 87' lang='lat' dir='ltr'><strong>conferri·</strong></span> <span class='ocrx_word' id='word_1_289' title='bbox 1406 2935 1408 2939; x_wconf 93' lang='lat'>·</span> 
     </span>
    </p>
   </div>
   <div class='ocr_carea' id='block_1_10' title="bbox 237 2977 1321 3395">
    <p class='ocr_par' dir='ltr' id='par_1_10' title="bbox 237 2977 1321 3395">
     <span class='ocr_line' id='line_1_32' title="bbox 275 2977 1315 3060; baseline -0.001 -18"><span class='ocrx_word' id='word_1_290' title='bbox 275 2977 409 3043; x_wconf 86' lang='lat' dir='ltr'><strong>Platonis</strong></span> <span class='ocrx_word' id='word_1_291' title='bbox 429 2985 510 3044; x_wconf 86' lang='lat' dir='ltr'><strong>locus</strong></span> <span class='ocrx_word' id='word_1_292' title='bbox 532 3005 572 3042; x_wconf 86' lang='lat' dir='ltr'><strong>cx</strong></span> <span class='ocrx_word' id='word_1_293' title='bbox 591 2987 752 3058; x_wconf 77' lang='lat' dir='ltr'><strong>Puotcporu</strong></span> <span class='ocrx_word' id='word_1_294' title='bbox 766 2981 846 3043; x_wconf 88' lang='lat' dir='ltr'><strong>Part.</strong></span> <span class='ocrx_word' id='word_1_295' title='bbox 862 2981 886 3042; x_wconf 93' lang='lat' dir='ltr'><strong>l.</strong></span> <span class='ocrx_word' id='word_1_296' title='bbox 900 2983 958 3043; x_wconf 79' lang='lat' dir='ltr'><strong>vol.</strong></span> <span class='ocrx_word' id='word_1_297' title='bbox 973 2979 999 3043; x_wconf 89' lang='grc' dir='ltr'><strong>Ι.</strong></span> <span class='ocrx_word' id='word_1_298' title='bbox 1014 3005 1044 3060; x_wconf 91' lang='lat' dir='ltr'><strong>p.</strong></span> <span class='ocrx_word' id='word_1_299' title='bbox 1059 2989 1132 3043; x_wconf 82' lang='lat'><strong>223.</strong></span> <span class='ocrx_word' id='word_1_300' title='bbox 1155 2979 1315 3044; x_wconf 75' lang='lat' dir='ltr'><strong>ed.&#39;Beluk.</strong></span> 
     </span>
     <span class='ocr_line' id='line_1_33' title="bbox 275 3059 1315 3146; baseline 0.006 -22"><span class='ocrx_word' id='word_1_301' title='bbox 275 3084 307 3142; x_wconf 84' lang='lat' dir='ltr'><strong>p.</strong></span> <span class='ocrx_word' id='word_1_302' title='bbox 324 3071 405 3124; x_wconf 78' lang='lat'><strong>348:</strong></span> <span class='ocrx_word' id='word_1_303' title='bbox 417 3067 462 3125; x_wconf 91' lang='lat' dir='ltr'><strong>ed.</strong></span> <span class='ocrx_word' id='word_1_304' title='bbox 483 3065 524 3124; x_wconf 91' lang='lat' dir='ltr'><strong>H.</strong></span> <span class='ocrx_word' id='word_1_305' title='bbox 540 3063 655 3140; x_wconf 80' lang='lat' dir='ltr'><strong>Steph,</strong></span> <span class='ocrx_word' id='word_1_306' title='bbox 678 3066 729 3123; x_wconf 86' lang='lat' dir='ltr'><strong>ubi</strong></span> <span class='ocrx_word' id='word_1_307' title='bbox 751 3063 825 3126; x_wconf 85' lang='lat' dir='ltr'><strong>haec</strong></span> <span class='ocrx_word' id='word_1_308' title='bbox 844 3067 998 3142; x_wconf 80' lang='lat' dir='ltr'><strong>leguntur:</strong></span> <span class='ocrx_word' id='word_1_309' title='bbox 1023 3067 1145 3146; x_wconf 80' lang='grc' dir='ltr'><em>μοῦνος</em></span> <span class='ocrx_word' id='word_1_310' title='bbox 1159 3059 1189 3130; x_wconf 83' lang='lat' dir='ltr'><strong>d&#39;</strong></span> <span class='ocrx_word' id='word_1_311' title='bbox 1206 3060 1315 3146; x_wconf 70' lang='lat' dir='ltr'><strong>circio</strong></span> 
     </span>
     <span class='ocr_line' id='line_1_34' title="bbox 274 3139 1316 3235; baseline -0.001 -23"><span class='ocrx_word' id='word_1_312' title='bbox 274 3171 311 3213; x_wconf 83' lang='grc' dir='ltr'><strong>τε</strong></span> <span class='ocrx_word' id='word_1_313' title='bbox 341 3171 378 3212; x_wconf 91' lang='grc' dir='ltr'><strong>νο</strong></span> <span class='ocrx_word' id='word_1_314' title='bbox 393 3142 463 3234; x_wconf 62' lang='grc' dir='ltr'><strong>ἀνι,</strong></span> <span class='ocrx_word' id='word_1_315' title='bbox 497 3139 615 3212; x_wconf 84' lang='grc' dir='ltr'>αὖιίκα</span> <span class='ocrx_word' id='word_1_316' title='bbox 644 3145 785 3233; x_wconf 76' lang='grc' dir='ltr'><strong>περιϊὼν</strong></span> <span class='ocrx_word' id='word_1_317' title='bbox 815 3147 905 3233; x_wconf 80' lang='grc' dir='ltr'><em>ζητεῖ</em></span> <span class='ocrx_word' id='word_1_318' title='bbox 930 3140 1232 3235; x_wconf 57' lang='lat' dir='ltr'><strong>depr-inuisitatas</strong></span> <span class='ocrx_word' id='word_1_319' title='bbox 1259 3145 1316 3212; x_wconf 82' lang='grc' dir='ltr'><strong>καὶ</strong></span> 
     </span>
     <span class='ocr_line' id='line_1_35' title="bbox 273 3170 1321 3320; baseline -0.003 -25"><span class='ocrx_word' id='word_1_320' title='bbox 273 3224 350 3311; x_wconf 73' lang='grc' dir='ltr'><strong>μεθ’</strong></span> <span class='ocrx_word' id='word_1_321' title='bbox 382 3170 463 3294; x_wconf 72' lang='lat' dir='ltr'><strong>dccv</strong></span> <span class='ocrx_word' id='word_1_322' title='bbox 491 3225 729 3316; x_wconf 77' lang='grc' dir='ltr'><strong>βεβαιώσηται,</strong></span> <span class='ocrx_word' id='word_1_323' title='bbox 764 3225 826 3308; x_wconf 69' lang='grc' dir='ltr'><strong>ἕως</strong></span> <span class='ocrx_word' id='word_1_324' title='bbox 856 3224 896 3295; x_wconf 79' lang='lat' dir='ltr'><strong>ito</strong></span> <span class='ocrx_word' id='word_1_325' title='bbox 927 3223 1052 3320; x_wconf 71' lang='grc' dir='ltr'><strong>ἐντύχῃ.</strong></span> <span class='ocrx_word' id='word_1_326' title='bbox 1100 3227 1207 3314; x_wconf 81' lang='lat' dir='ltr'><strong>Neque</strong></span> <span class='ocrx_word' id='word_1_327' title='bbox 1236 3236 1321 3294; x_wconf 85' lang='lat' dir='ltr'><strong>enim.</strong></span> 
     </span>
     <span class='ocr_line' id='line_1_36' title="bbox 237 3317 1315 3395; baseline 0.001 -19"><span class='ocrx_word' id='word_1_328' title='bbox 237 3353 241 3362; x_wconf 56' lang='grc' dir='ltr'>ι</span> <span class='ocrx_word' id='word_1_329' title='bbox 274 3318 446 3391; x_wconf 75' lang='lat' dir='ltr'><strong>quisquam,</strong></span> <span class='ocrx_word' id='word_1_330' title='bbox 473 3336 562 3390; x_wconf 87' lang='lat' dir='ltr'><strong>quom</strong></span> <span class='ocrx_word' id='word_1_331' title='bbox 581 3317 649 3374; x_wconf 83' lang='lat' dir='ltr'><strong>libri</strong></span> <span class='ocrx_word' id='word_1_332' title='bbox 670 3331 773 3377; x_wconf 86' lang='lat' dir='ltr'><strong>omues</strong></span> <span class='ocrx_word' id='word_1_333' title='bbox 793 3323 930 3376; x_wconf 85' lang='lat' dir='ltr'><strong>tueantur</strong></span> <span class='ocrx_word' id='word_1_334' title='bbox 952 3320 1180 3395; x_wconf 84' lang='lat' dir='ltr'><strong>coniunctivum,</strong></span> <span class='ocrx_word' id='word_1_335' title='bbox 1205 3332 1315 3394; x_wconf 78' lang='lat' dir='ltr'><strong>proed</strong></span> 
     </span>
    </p>
   </div>
   <div class='ocr_carea' id='block_1_11' title="bbox 162 3396 1391 3483">
    <p class='ocr_par' dir='ltr' id='par_1_11' title="bbox 162 3396 1391 3483">
     <span class='ocr_line' id='line_1_37' title="bbox 162 3396 1391 3483; baseline 0.003 -24"><span class='ocrx_word' id='word_1_336' title='bbox 162 3397 163 3400; x_wconf 56' lang='grc'>’</span> <span class='ocrx_word' id='word_1_337' title='bbox 274 3421 314 3460; x_wconf 86' lang='lat' dir='ltr'><strong>cx</strong></span> <span class='ocrx_word' id='word_1_338' title='bbox 334 3421 394 3459; x_wconf 89' lang='lat' dir='ltr'><strong>nno</strong></span> <span class='ocrx_word' id='word_1_339' title='bbox 411 3400 494 3460; x_wconf 67' lang='lat' dir='ltr'><strong>&#39;libro</strong></span> <span class='ocrx_word' id='word_1_340' title='bbox 515 3421 574 3459; x_wconf 87' lang='lat' dir='ltr'><strong>non</strong></span> <span class='ocrx_word' id='word_1_341' title='bbox 596 3401 674 3459; x_wconf 87' lang='lat' dir='ltr'><strong>bono</strong></span> <span class='ocrx_word' id='word_1_342' title='bbox 694 3403 817 3477; x_wconf 88' lang='lat' dir='ltr'><strong>recipiet</strong></span> <span class='ocrx_word' id='word_1_343' title='bbox 835 3402 967 3460; x_wconf 88' lang='lat' dir='ltr'><strong>futurum</strong></span> <span class='ocrx_word' id='word_1_344' title='bbox 990 3396 1192 3476; x_wconf 75' lang='grc' dir='ltr'><strong>ἐπιδείξεται</strong></span> <span class='ocrx_word' id='word_1_345' title='bbox 1213 3410 1243 3462; x_wconf 87' lang='lat' dir='ltr'><strong>et</strong></span> <span class='ocrx_word' id='word_1_346' title='bbox 1259 3404 1316 3483; x_wconf 59' lang='grc' dir='ltr'><strong>βει</strong></span> <span class='ocrx_word' id='word_1_347' title='bbox 1381 3465 1391 3475; x_wconf 73' lang='grc'><em>,</em></span> 
     </span>
    </p>
   </div>
   <div class='ocr_carea' id='block_1_12' title="bbox 272 3477 1315 3640">
    <p class='ocr_par' dir='ltr' id='par_1_12' title="bbox 272 3477 1315 3640">
     <span class='ocr_line' id='line_1_38' title="bbox 272 3477 1315 3569; baseline 0.001 -23"><span class='ocrx_word' id='word_1_348' title='bbox 272 3477 471 3564; x_wconf 68' lang='lat' dir='ltr'><strong>placuissent,</strong></span> <span class='ocrx_word' id='word_1_349' title='bbox 492 3499 550 3544; x_wconf 81' lang='lat' dir='ltr'><strong>&#39;neo</strong></span> <span class='ocrx_word' id='word_1_350' title='bbox 571 3487 650 3544; x_wconf 71' lang='lat' dir='ltr'><strong>‘vero</strong></span> <span class='ocrx_word' id='word_1_351' title='bbox 674 3483 730 3544; x_wconf 92' lang='lat' dir='ltr'><strong>hoc</strong></span> <span class='ocrx_word' id='word_1_352' title='bbox 758 3486 875 3546; x_wconf 80' lang='lat' dir='ltr'><strong>audebit</strong></span> <span class='ocrx_word' id='word_1_353' title='bbox 893 3487 1014 3562; x_wconf 77' lang='lat' dir='ltr'><strong>¹dicere,</strong></span> <span class='ocrx_word' id='word_1_354' title='bbox 1042 3489 1075 3544; x_wconf 89' lang='lat' dir='ltr'><strong>iu</strong></span> <span class='ocrx_word' id='word_1_355' title='bbox 1096 3489 1186 3546; x_wconf 83' lang='lat' dir='ltr'><strong>verbo</strong></span> <span class='ocrx_word' id='word_1_356' title='bbox 1209 3483 1315 3569; x_wconf 80' lang='grc' dir='ltr'><strong><em>ζητεῖν</em></strong></span> 
     </span>
     <span class='ocr_line' id='line_1_39' title="bbox 272 3567 1315 3640; baseline 0.003 -15"><span class='ocrx_word' id='word_1_357' title='bbox 272 3570 438 3640; x_wconf 74' lang='lat' dir='ltr'><strong>negativam</strong></span> <span class='ocrx_word' id='word_1_358' title='bbox 460 3571 519 3628; x_wconf 81' lang='lat' dir='ltr'><strong>vim</strong></span> <span class='ocrx_word' id='word_1_359' title='bbox 540 3571 645 3628; x_wconf 86' lang='lat' dir='ltr'><strong>inesse.</strong></span> <span class='ocrx_word' id='word_1_360' title='bbox 686 3567 742 3628; x_wconf 87' lang='lat' dir='ltr'><strong>Est</strong></span> <span class='ocrx_word' id='word_1_361' title='bbox 760 3572 839 3632; x_wconf 89' lang='lat' dir='ltr'><strong>enim</strong></span> <span class='ocrx_word' id='word_1_362' title='bbox 851 3568 906 3629; x_wconf 91' lang='lat' dir='ltr'><strong>hoc</strong></span> <span class='ocrx_word' id='word_1_363' title='bbox 919 3569 995 3630; x_wconf 87' lang='lat' dir='ltr'><strong>nihil</strong></span> <span class='ocrx_word' id='word_1_364' title='bbox 1009 3568 1161 3629; x_wconf 86' lang='lat' dir='ltr'><strong>aliudnisi</strong></span> <span class='ocrx_word' id='word_1_365' title='bbox 1180 3568 1315 3630; x_wconf 85' lang='lat' dir='ltr'><strong>habere</strong></span> 
     </span>
    </p>
   </div>
   <div class='ocr_carea' id='block_1_13' title="bbox 170 3647 1315 3730">
    <p class='ocr_par' dir='ltr' id='par_1_13' title="bbox 170 3647 1315 3730">
     <span class='ocr_line' id='line_1_40' title="bbox 170 3647 1315 3730; baseline 0.001 -19"><span class='ocrx_word' id='word_1_366' title='bbox 170 3667 174 3674; x_wconf 86' lang='lat'>·</span> <span class='ocrx_word' id='word_1_367' title='bbox 272 3647 388 3725; x_wconf 87' lang='lat' dir='ltr'><strong>velle,</strong></span> <span class='ocrx_word' id='word_1_368' title='bbox 416 3655 450 3708; x_wconf 89' lang='lat' dir='ltr'><strong>ut</strong></span> <span class='ocrx_word' id='word_1_369' title='bbox 475 3649 563 3711; x_wconf 87' lang='lat' dir='ltr'><strong>etiam</strong></span> <span class='ocrx_word' id='word_1_370' title='bbox 590 3649 665 3711; x_wconf 84' lang='lat' dir='ltr'><strong>illud</strong></span> <span class='ocrx_word' id='word_1_371' title='bbox 692 3653 822 3714; x_wconf 81' lang='lat' dir='ltr'><strong>inveniri</strong></span> <span class='ocrx_word' id='word_1_372' title='bbox 848 3658 952 3730; x_wconf 86' lang='lat' dir='ltr'><strong>possit.</strong></span> <span class='ocrx_word' id='word_1_373' title='bbox 993 3651 1097 3727; x_wconf 85' lang='lat' dir='ltr'><strong>ltaque</strong></span> <span class='ocrx_word' id='word_1_374' title='bbox 1119 3651 1207 3714; x_wconf 84' lang='lat' dir='ltr'><strong>etiarn</strong></span> <span class='ocrx_word' id='word_1_375' title='bbox 1230 3651 1315 3728; x_wconf 80' lang='lat' dir='ltr'><strong>illud,</strong></span> 
     </span>
    </p>
   </div>
   <div class='ocr_carea' id='block_1_14' title="bbox 271 3729 1315 3992">
    <p class='ocr_par' dir='ltr' id='par_1_14' title="bbox 271 3729 1315 3992">
     <span class='ocr_line' id='line_1_41' title="bbox 272 3729 1315 3812; baseline 0.004 -20"><span class='ocrx_word' id='word_1_376' title='bbox 272 3735 351 3810; x_wconf 89' lang='lat' dir='ltr'><strong>qnod</strong></span> <span class='ocrx_word' id='word_1_377' title='bbox 377 3731 460 3794; x_wconf 90' lang='lat' dir='ltr'><strong>lmm.</strong></span> <span class='ocrx_word' id='word_1_378' title='bbox 482 3729 639 3795; x_wconf 84' lang='lat' dir='ltr'><strong>Beklerus</strong></span> <span class='ocrx_word' id='word_1_379' title='bbox 669 3741 800 3812; x_wconf 80' lang='lat' dir='ltr'><strong>reposuit</strong></span> <span class='ocrx_word' id='word_1_380' title='bbox 825 3741 858 3797; x_wconf 89' lang='lat' dir='ltr'><strong>in</strong></span> <span class='ocrx_word' id='word_1_381' title='bbox 880 3737 1012 3798; x_wconf 86' lang='lat' dir='ltr'><strong>Plutonis</strong></span> <span class='ocrx_word' id='word_1_382' title='bbox 1033 3738 1162 3797; x_wconf 80' lang='lat' dir='ltr'><strong>Phaedro</strong></span> <span class='ocrx_word' id='word_1_383' title='bbox 1186 3736 1267 3796; x_wconf 88' lang='lat' dir='ltr'><strong>Part.</strong></span> <span class='ocrx_word' id='word_1_384' title='bbox 1289 3735 1315 3796; x_wconf 71' lang='lat' dir='ltr'><strong>l.</strong></span> 
     </span>
     <span class='ocr_line' id='line_1_42' title="bbox 271 3815 1315 3899; baseline 0.003 -20"><span class='ocrx_word' id='word_1_385' title='bbox 271 3819 330 3879; x_wconf 87' lang='lat' dir='ltr'><strong>vol.</strong></span> <span class='ocrx_word' id='word_1_386' title='bbox 351 3815 376 3878; x_wconf 90' lang='lat' dir='ltr'><strong>l.</strong></span> <span class='ocrx_word' id='word_1_387' title='bbox 396 3841 428 3894; x_wconf 90' lang='lat' dir='ltr'><strong>p.</strong></span> <span class='ocrx_word' id='word_1_388' title='bbox 450 3821 501 3880; x_wconf 80' lang='lat'><strong>58.</strong></span> <span class='ocrx_word' id='word_1_389' title='bbox 523 3843 554 3896; x_wconf 88' lang='lat' dir='ltr'><strong>p.</strong></span> <span class='ocrx_word' id='word_1_390' title='bbox 576 3821 649 3880; x_wconf 80' lang='lat'><strong>256.</strong></span> <span class='ocrx_word' id='word_1_391' title='bbox 669 3820 777 3884; x_wconf 71' lang='lat' dir='ltr'><strong>D.,ed.</strong></span> <span class='ocrx_word' id='word_1_392' title='bbox 798 3821 840 3882; x_wconf 89' lang='lat' dir='ltr'><strong>H.</strong></span> <span class='ocrx_word' id='word_1_393' title='bbox 857 3820 962 3899; x_wconf 85' lang='lat' dir='ltr'><strong>Steph.</strong></span> <span class='ocrx_word' id='word_1_394' title='bbox 983 3842 1045 3880; x_wconf 87' lang='lat' dir='ltr'><strong>nou</strong></span> <span class='ocrx_word' id='word_1_395' title='bbox 1064 3822 1150 3881; x_wconf 86' lang='lat' dir='ltr'><strong>credo</strong></span> <span class='ocrx_word' id='word_1_396' title='bbox 1166 3824 1315 3885; x_wconf 85' lang='lat' dir='ltr'><strong>soloecnm</strong></span> 
     </span>
     <span class='ocr_line' id='line_1_43' title="bbox 272 3897 1314 3992; baseline 0.006 -31"><span class='ocrx_word' id='word_1_397' title='bbox 272 3921 347 3963; x_wconf 80' lang='lat' dir='ltr'><strong>esse.</strong></span> <span class='ocrx_word' id='word_1_398' title='bbox 391 3901 516 3979; x_wconf 85' lang='lat' dir='ltr'><strong>Scripsit</strong></span> <span class='ocrx_word' id='word_1_399' title='bbox 536 3907 631 3964; x_wconf 84' lang='lat' dir='ltr'><strong>enim:</strong></span> <span class='ocrx_word' id='word_1_400' title='bbox 663 3901 697 3969; x_wconf 79' lang='grc' dir='ltr'><strong>ἕν</strong></span> <span class='ocrx_word' id='word_1_401' title='bbox 719 3897 776 3970; x_wconf 85' lang='grc' dir='ltr'><strong>οὖν</strong></span> <span class='ocrx_word' id='word_1_402' title='bbox 798 3905 840 3992; x_wconf 77' lang='grc' dir='ltr'><strong>τῇ</strong></span> <span class='ocrx_word' id='word_1_403' title='bbox 860 3926 973 3987; x_wconf 75' lang='grc' dir='ltr'>συγκαι</span> <span class='ocrx_word' id='word_1_404' title='bbox 1002 3898 1076 3988; x_wconf 84' lang='grc' dir='ltr'>ήσει</span> <span class='ocrx_word' id='word_1_405' title='bbox 1089 3906 1149 3970; x_wconf 76' lang='grc' dir='ltr'><strong>τοῦ</strong></span> <span class='ocrx_word' id='word_1_406' title='bbox 1162 3903 1223 3985; x_wconf 83' lang='grc' dir='ltr'><strong>μὲν</strong></span> <span class='ocrx_word' id='word_1_407' title='bbox 1236 3901 1314 3992; x_wconf 74' lang='grc' dir='ltr'>ἐρα-</span> 
     </span>
    </p>
   </div>
   <div class='ocr_carea' id='block_1_15' title="bbox 269 3977 1314 4212">
    <p class='ocr_par' dir='ltr' id='par_1_15' title="bbox 269 3977 1314 4212">
     <span class='ocr_line' id='line_1_44' title="bbox 272 3977 1314 4092; baseline 0.006 -45"><span class='ocrx_word' id='word_1_408' title='bbox 272 3984 353 4048; x_wconf 81' lang='grc' dir='ltr'><strong>σνοῦ</strong></span> <span class='ocrx_word' id='word_1_409' title='bbox 373 3977 602 4088; x_wconf 30' lang='grc' dir='ltr'>ὁὶἆνιόλασιος</span> <span class='ocrx_word' id='word_1_410' title='bbox 621 3983 730 4062; x_wconf 78' lang='grc' dir='ltr'><strong>λ’ππας</strong></span> <span class='ocrx_word' id='word_1_411' title='bbox 752 3982 819 4068; x_wconf 68' lang='grc' dir='ltr'>ἔχει</span> <span class='ocrx_word' id='word_1_412' title='bbox 840 3983 862 4051; x_wconf 79' lang='grc' dir='ltr'><em>ὅ</em></span> <span class='ocrx_word' id='word_1_413' title='bbox 882 4009 916 4052; x_wconf 81' lang='grc' dir='ltr'><strong>ιι</strong></span> <span class='ocrx_word' id='word_1_414' title='bbox 936 3984 956 4050; x_wconf 96' lang='grc' dir='ltr'><strong><em>λ</em></strong></span> <span class='ocrx_word' id='word_1_415' title='bbox 974 4009 1015 4074; x_wconf 77' lang='grc' dir='ltr'><strong>γῃ</strong></span> <span class='ocrx_word' id='word_1_416' title='bbox 1036 3982 1125 4092; x_wconf 53' lang='grc' dir='ltr'><strong><em>πρὸς</em></strong></span> <span class='ocrx_word' id='word_1_417' title='bbox 1145 3985 1202 4054; x_wconf 84' lang='grc' dir='ltr'><strong>τὸν</strong></span> <span class='ocrx_word' id='word_1_418' title='bbox 1222 3980 1314 4074; x_wconf 80' lang='grc' dir='ltr'><strong><em>ἡνίο-</em></strong></span> 
     </span>
     <span class='ocr_line' id='line_1_45' title="bbox 269 4061 1313 4212; baseline 0.005 -83"><span class='ocrx_word' id='word_1_419' title='bbox 269 4087 335 4212; x_wconf 46' lang='grc' dir='ltr'><strong>ᾗον,</strong></span> <span class='ocrx_word' id='word_1_420' title='bbox 359 4091 415 4132; x_wconf 90' lang='grc' dir='ltr'>και</span> <span class='ocrx_word' id='word_1_421' title='bbox 436 4067 528 4146; x_wconf 81' lang='grc' dir='ltr'>αξιοῖ</span> <span class='ocrx_word' id='word_1_422' title='bbox 547 4061 620 4134; x_wconf 74' lang='grc' dir='ltr'><strong><em>ἀντὶ</em></strong></span> <span class='ocrx_word' id='word_1_423' title='bbox 639 4069 774 4134; x_wconf 78' lang='grc' dir='ltr'><strong><em>πολλῶν</em></strong></span> <span class='ocrx_word' id='word_1_424' title='bbox 794 4064 907 4134; x_wconf 83' lang='grc' dir='ltr'><strong><em>πόνων</em></strong></span> <span class='ocrx_word' id='word_1_425' title='bbox 921 4069 1046 4156; x_wconf 76' lang='grc' dir='ltr'>σμικρὰ</span> <span class='ocrx_word' id='word_1_426' title='bbox 1060 4071 1272 4136; x_wconf 80' lang='grc' dir='ltr'>απαλαῢσαι·</span> <span class='ocrx_word' id='word_1_427' title='bbox 1293 4064 1313 4134; x_wconf 83' lang='grc' dir='ltr'><em>ὃ</em></span> 
     </span>
    </p>
   </div>
   <div class='ocr_carea' id='block_1_16' title="bbox 293 4141 1314 4234">
    <p class='ocr_par' dir='ltr' id='par_1_16' title="bbox 293 4141 1314 4234">
     <span class='ocr_line' id='line_1_46' title="bbox 293 4141 1314 4234; baseline -0.003 -17"><span class='ocrx_word' id='word_1_428' title='bbox 293 4145 388 4217; x_wconf 73' lang='grc' dir='ltr'><strong><em>ἐτῶν,</em></strong></span> <span class='ocrx_word' id='word_1_429' title='bbox 401 4147 566 4218; x_wconf 76' lang='grc' dir='ltr'>παιδικῶν</span> <span class='ocrx_word' id='word_1_430' title='bbox 578 4145 645 4233; x_wconf 68' lang='lat' dir='ltr'><strong>iicet</strong></span> <span class='ocrx_word' id='word_1_431' title='bbox 653 4146 821 4234; x_wconf 72' lang='grc' dir='ltr'><strong><em>μὲν-οὐδὲν</em></strong></span> <span class='ocrx_word' id='word_1_432' title='bbox 832 4141 942 4219; x_wconf 71' lang='grc' dir='ltr'><strong><em>εἰπεῖν</em></strong></span> <span class='ocrx_word' id='word_1_433' title='bbox 951 4148 1028 4234; x_wconf 69' lang='lat' dir='ltr'><strong>nce,</strong></span> <span class='ocrx_word' id='word_1_434' title='bbox 1042 4176 1130 4232; x_wconf 84' lang='lat' dir='ltr'><strong>quom</strong></span> <span class='ocrx_word' id='word_1_435' title='bbox 1140 4156 1230 4232; x_wconf 76' lang='lat' dir='ltr'><strong>rotgo</strong></span> <span class='ocrx_word' id='word_1_436' title='bbox 1241 4159 1272 4217; x_wconf 77' lang='lat' dir='ltr'><strong>et</strong></span> <span class='ocrx_word' id='word_1_437' title='bbox 1280 4156 1314 4214; x_wconf 85' lang='lat' dir='ltr'><strong>in</strong></span> 
     </span>
    </p>
   </div>
   <div class='ocr_carea' id='block_1_17' title="bbox 0 0 1462 4590">
    <p class='ocr_par' dir='ltr' id='par_1_17' title="bbox 0 0 1462 4590">
     <span class='ocr_line' id='line_1_47' title="bbox 0 0 1462 4590; baseline 0 4"><span class='ocrx_word' id='word_1_438' title='bbox 0 0 1462 4590; x_wconf 95' lang='lat' dir='ltr'><strong> </strong></span> 
     </span>
    </p>
   </div>
  </div>
 </body>
</html>
