2900 4584
519 734 650 789 ἐντεῦθεν
665 723 720 808 ripn
737 729 934 806 τούπιτριβείης
951 711 1079 801 lydum,

277 841 1315 938 iuPtatnnureubeoirim-mpo-euonm‘bidp'ois

277 937 317 1020 ia
335 939 435 1002 acide
454 937 494 1002 ed
514 933 646 1002 τοιόνδε
664 934 826 1020 γίγνεταις
866 937 1007 1016 Denique
1030 939 1065 996 iu
1083 935 1208 997 llo-eri
1228 937 1313 996 litut.

275 1023 330 1084 lib.
349 1019 423 1083 Vll.
442 1043 472 1082 v.
493 1026 565 1081 472.
587 1031 666 1082 recte
684 1022 750 1081 edi:
1293 1063 1297 1068 .

460 1151 545 1206 ἔνθεν
562 1146 610 1223 ἄρ’
628 1154 760 1213 uirilem
775 1146 1001 1225 appropiante
1011 1149 1124 1220 Ἀχαιοί,

277 1271 465 1352 pompm
483 1272 551 1331 aaa
572 1272 646 1334 roa·
667 1273 765 1331 mc.
789 1260 848 1356 ἔρ,
875 1272 928 1333 aa
950 1293 1010 1332 ιο,
1032 1280 1100 1332 aar.
1120 1269 1251 1331 aaaron
1269 1269 1312 1328 n

276 1357 356 1432 gitur
374 1357 452 1438 apud
475 1355 654 1432 Homerum,
673 1357 766 1416 veluti
781 1356 867 1415 Iliad.
888 1357 942 1416 lib.
963 1355 989 1416 l.
1010 1377 1041 1416 v.
1062 1362 1093 1416 8.
1111 1376 1142 1418 v.
1165 1357 1253 1428 lla,
1276 1352 1314 1411 de

277 1441 385 1514 quibus
410 1439 486 1502 louis
508 1459 599 1516 supra
618 1440 829 1516 explicavimus
850 1461 882 1516 p.
904 1444 976 1538 ψ.

703 1613 905 1710 'ripun

181 1765 260 1852 'Apa
359 1770 423 1834 lam
446 1793 536 1850 supra
556 1773 680 1836 vidimus
700 1773 871 1850 particulam
887 1761 954 1857 ipa
974 1793 1020 1848 eo,
1043 1771 1120 1847 quod
1138 1774 1230 1847 prima
1247 1773 1310 1831 eine
1359 1755 1365 1763 ⁸
1442 1770 1443 1789 ¹

168 1900 199 1948 ..
213 1897 258 1955 ..
274 1854 776 2019 Q...
794 1857 1311 2023 sarranates

517 1983 528 2020 s
860 1984 870 2017 s

272 2025 370 2098 primo
405 2027 494 2084 etiam
526 2025 590 2084 loco
618 2029 779 2088 sententiae
804 2033 981 2100 poneretur,
1013 2023 1165 2098 quemad
1194 2022 1311 2080 modum

271 2103 384 2166 Latina
402 2109 545 2183 particula
563 2111 659 2184 ipim,
683 2130 759 2184 quae
780 2108 857 2182 apud
878 2110 970 2166 bonos
988 2105 1159 2165 Latinitatis
1179 2114 1310 2164 auctores

270 2189 447 2265 plerumque
472 2193 600 2266 primum
626 2192 722 2250 locum
749 2193 880 2251 obtinere
900 2212 960 2249 non
987 2191 1108 2265 soleret,
1135 2189 1254 2248 adaucta
1277 2191 1310 2248 ri

271 2291 327 2332 sue
352 2275 440 2332 etiam
467 2276 512 2332 in‘
527 2275 671 2350 principio
698 2277 842 2334 enuntiati
869 2275 1065 2334 collocaretur.
1105 2271 1141 2330 ld
1167 2292 1257 2346 quom
1275 2275 1310 2330 iu

199 2407 203 2416 .
233 2389 237 2396 ι
270 2350 381 2414 Latmo
402 2356 543 2432 particula
567 2378 663 2434 neque
689 2358 726 2418 ad
751 2361 1011 2432 interrogationem
1033 2358 1194 2432 pertineret
1212 2375 1311 2430 neque

271 2437 309 2496 ad
329 2439 647 2517 exclamationem-in
671 2439 783 2500 Graeca
803 2442 905 2502 rocula
925 2441 1074 2514 plerisque
1093 2439 1165 2499 leaeo
1184 2443 1308 2498 mutatio

195 2518 198 2526 ’
267 2539 329 2582 non
352 2526 416 2584 risa
438 2531 482 2582 eet
508 2523 574 2583 lieri
602 2525 732 2600 potuisse
757 2527 816 2584 nisi
843 2527 877 2584 in
903 2523 1092 2583 exclamando
1114 2532 1162 2582 aut
1183 2525 1310 2582 interro·

268 2605 374 2681 gundo.
417 2603 611 2666 conferantur
631 2629 674 2684 ea,
697 2609 771 2682 qna'e
786 2606 823 2666 G.
834 2607 1022 2667 Hermannus
1041 2606 1077 2664 de
1098 2627 1133 2665 ea
1154 2627 1187 2666 re
1209 2607 1307 2682 expli·

268 2691 347 2749 cavit
359 2691 392 2750 in
411 2691 507 2770 prael.
528 2691 565 2750 ad
583 2688 738 2768 Sophoclis
761 2693 897 2768 Oedipum
920 2692 1069 2749 comnenus
1088 2710 1119 2764 p.
1140 2687 1224 2748 XVl
1237 2699 1305 2764 sqq.

199 2769 204 2778 ’
266 2769 317 2832 Ac
337 2791 406 2834 sane
427 2775 553 2850 videtur,
575 2779 628 2835 etsi
648 2779 694 2835 ris
715 2778 780 2851 ipsa
800 2773 959 2849 particulae
974 2793 1090 2847 semper
1105 2776 1237 2832 etiamin
1252 2795 1306 2832 ex-

223 2862 229 2870 '
266 2855 440 2917 clamatione
460 2866 489 2917 et
503 2860 731 2932 interrogatione
746 2859 782 2918 ad
798 2859 1012 2916 conclusionem
1028 2859 1155 2931 pertinet
1177 2863 1215 2901 —'
1238 2878 1305 2914 con·
1396 2883 1399 2888 ·

146 3009 150 3014 Ι
267 2935 409 2999 cludimus
430 2942 510 2999 euim
530 2941 642 3015 aliquid
663 2961 704 3001 ex
723 2943 869 3015 praesenti
887 2961 984 2999 rerum
998 2948 1083 3015 statu,
1104 2942 1135 2998 in
1148 2962 1208 3015 quo
1221 2941 1304 3014 quasi

75 3027 78 3038 '
266 3022 300 3080 in
314 3023 413 3096 aliquo
424 3022 614 3080 fundamento
626 3026 733 3082 nitatur
743 3025 795 3082 illa
810 3023 981 3082 exclamatio
993 3031 1041 3081 aut
1051 3025 1240 3100 interrogatio
1249 3057 1304 3096 ·-‚

266 3113 363 3162 tamen
390 3105 441 3162 illa
469 3105 629 3178 particulae
653 3105 803 3180 productio
826 3107 920 3164 locum
940 3126 999 3164 non
1022 3105 1145 3182 habere,
1171 3109 1232 3166 nisi
1251 3107 1303 3166 ubi

235 3201 239 3210 ’
266 3205 302 3246 ea
328 3187 360 3246 ri
385 3185 490 3246 efferas
517 3207 634 3263 vocem,
661 3197 693 3247 ut
718 3190 845 3262 aliquam
869 3191 1128 3265 interrogationem
1153 3197 1203 3249 aut
1222 3191 1302 3247 voci·

263 3269 440 3329 serationem
467 3277 668 3344 superstruere
691 3275 804 3347 possins
832 3273 864 3330 iu
892 3292 926 3330 eo
955 3282 1051 3331 tamen
1077 3284 1143 3330 cum
1163 3270 1203 3331 G.
1224 3269 1304 3331 ller-

263 3369 372 3412 manuo
396 3354 553 3426 dissentio,
587 3355 666 3429 quod
688 3356 740 3414 ille
768 3364 899 3430 apertam
928 3375 1044 3443 semper
1073 3364 1123 3414 aut
1142 3349 1305 3431 interroga·

264 3438 376 3496 tionem
404 3444 454 3496 aut
481 3437 718 3498 exclamationem
743 3440 927 3512 requirebat,
959 3460 1014 3514 ego
1044 3441 1131 3497 etiam
1153 3441 1303 3498 tectiorem

264 3519 505 3578 exclamationem
526 3531 575 3582 aut
595 3523 692 3596 talem,
712 3542 785 3596 quae
799 3521 835 3580 ad
848 3521 998 3596 singulare
1013 3529 1126 3580 tantum
1140 3525 1307 3582 sententiae

263 3603 385 3660 verbum
399 3605 551 3677 pertineat,
564 3605 771 3664 admittendam
782 3611 892 3664 censeo.
916 3604 983 3686 Qua
998 3607 1112 3665 ratione
1124 3605 1170 3664 illi
1184 3605 1302 3680 quoq‘ne

264 3685 320 3744 loci
347 3684 496 3743 commode
523 3687 664 3760 explicari
685 3709 773 3762 posse
796 3688 947 3764 videntur,
978 3708 1052 3763 quos
1073 3689 1181 3748 multos
1200 3697 1303 3747 contra

264 3768 405 3827 librorum
426 3769 622 3828 auctoritatem
642 3772 792 3830 mutandos
814 3793 878 3832 esse
896 3774 1082 3830 existumavit
1099 3775 1147 3832 vir
1160 3791 1301 3832 summus.

264 3843 343 3911 Nam
362 3849 437 3909 illud
448 3847 613 3928 Hartungio
634 3855 789 3914 concedere
802 3855 884 3914 nullo
897 3854 981 3913 modo
994 3874 1121 3932 possum,
1143 3855 1224 3930 quod
1234 3844 1302 3937 ἆρα

266 3941 297 3992 et
322 3925 387 4017 ἄρα
407 3934 440 3990 in
461 3931 546 3994 huius
568 3935 647 3996 modi
670 3936 742 3998 locis
763 3941 926 4013 promiscue
948 3945 1086 4012 usurpata
1107 3959 1172 3999 esse
1192 3939 1300 4002 statuit.

255 4005 346 4102 ’Ἆρα
370 4017 447 4074 cutm
467 4017 509 4076 ibi
531 4029 693 4096 usurpatur,
713 4023 763 4080 ubi
785 4021 912 4094 simplex
931 4022 1113 4080 ratiocinatio
1129 4021 1301 4095 declaratur,

268 4088 334 4181 ἆρα
344 4107 454 4178 contra,
464 4101 514 4162 ubi
524 4105 633 4164 maiore
646 4105 770 4179 quadam
782 4106 812 4166 vi
822 4103 930 4172 ,offeras
944 4105 1028 4163 istam
1041 4106 1301 4179 ratiocinationem,
