2900 4584
778 260 874 356 ἄρα.
963 329 969 336 ,

308 437 451 526 ἀμείνων
478 434 542 526 ἄρα
568 417 679 503 teca
695 429 825 500 ’ἀδίκου
850 429 873 520 ἢ
902 428 920 499 ὃ
945 435 1007 502 τοῦ
1028 433 1160 504 δικαίου
1180 438 1271 524 βίος,
1300 435 1345 522 ὥς

309 526 442 610 λέγουσι
472 517 553 596 uela,
582 525 614 580 iu
642 541 678 581 eo
705 521 793 580 facilc
817 520 999 598 intellegitur
1023 525 1164 598 particula
1194 517 1258 611 ἄρα
1277 529 1344 588 ¹001.

308 613 363 687 ligi
389 631 437 678 ex·
456 607 706 679 antecedentibus,
734 604 804 680 quid
830 604 867 666 de
890 607 1020 666 ictorum·
1036 606 1187 668 hominurn
1206 613 1345 686 opinione

308 692 474 754 babendum
500 695 536 750 ait
561 690 596 750 de
617 691 746 764 lustitia,
774 691 850 747 etei
872 690 943 762 quid
963 692 1107 765 paradoxi
1126 696 1158 752 in
1179 693 1228 753 hia
1249 698 1345 756 rerbia

308 783 395 853 inest,
409 777 439 834 id
450 782 526 835 certe
538 795 598 833 nou
612 775 745 848 proditur
759 773 901 846 particula
918 765 993 858 ἄρα.
1029 775 1136 850 Neque
1150 777 1291 839 dissimile
1304 785 1346 839 est

310 860 388 936 quod
413 860 466 917 lib.
490 859 523 918 dc
543 877 574 917 ra
594 859 706 935 publico
726 853 783 914 lv.
809 879 838 932 p.
864 861 934 916 199.
956 859 1004 918 ed.
1026 857 1125 920 Bekk.
1153 884 1183 936 p.
1208 866 1280 923 438.
1302 861 1344 922 Α.

309 944 356 1008 ed.
378 941 419 1002 H.
434 940 536 1017 Steph.
558 941 680 1017 legitur:
706 931 836 1016 Πάντες
857 935 919 1027 γὰρ
941 933 1006 1026 ἄρα
1027 943 1091 1006 τῶν
1114 935 1251 1024 ἀγαθῶν
1273 943 1346 1010 ἔπι-

308 1025 475 1104 θνμοῦσιν
500 1016 580 1098 aad,
614 1025 664 1086 ubi
695 1023 772 1083 nihil
801 1026 869 1083 eniri
900 1033 976 1084 certe
1005 1033 1055 1084 aut
1080 1031 1272 1104 inexspectati
1299 1029 1345 1088 his

309 1112 407 1178 verbis
429 1109 548 1182 dicitur,
577 1109 627 1168 sed
649 1107 721 1184 boc,
750 1108 828 1182 quod
849 1128 903 1167 noe
928 1109 1074 1170 dicemus:
1089 1131 1093 1141 ’
1107 1117 1189 1171 Dauo
1211 1115 1277 1172 Atta
1298 1113 1345 1170 b'e-

308 1197 410 1273 pebrea
426 1195 464 1269 jo
483 1193 550 1265 (vel
571 1213 619 1252 cm
639 1193 737 1262 Rode)
758 1193 807 1250 der
824 1195 931 1262 datm,
954 1195 1014 1270 ubi,
1034 1203 1067 1253 ut
1086 1197 1144 1254 iarn
1165 1217 1255 1270 cupra·
1272 1195 1347 1254 bauo

309 1282 369 1340 vim
390 1277 546 1353 particulae
568 1265 634 1360 ἄρα
658 1277 855 1351 cognorimus,
877 1275 951 1334 illud
971 1277 1159 1337 introducitur
1178 1279 1234 1338 boc
1249 1279 1346 1354 modu,

311 1362 389 1440 quod
410 1361 552 1436 denique,
573 1367 605 1420 ut
625 1366 805 1434 comparatae
825 1377 872 1420 rea
894 1362 968 1435 sint,
990 1381 1093 1422 verum
1114 1383 1178 1423 esse
1197 1372 1346 1439 appareat,

309 1455 344 1505 ut
380 1444 435 1505 bac
468 1447 581 1504 ratione
616 1453 733 1503 acuatur
769 1445 814 1504 ria
851 1446 1009 1517 particulae
1043 1439 1117 1532 γάρ.
1169 1445 1224 1506 Eat
1256 1450 1347 1522 igitur

310 1531 382 1589 deca
406 1561 445 1596 ,-
470 1530 548 1599 otoo,
582 1527 654 1587 decc
676 1558 715 1571 --
732 1528 771 1602 jo
800 1528 983 1590 vertendum.
1032 1529 1072 1588 Et
1098 1531 1139 1589 cic
1164 1532 1197 1589 in
1224 1533 1346 1606 reliquia

309 1615 380 1672 locis
408 1613 549 1671 omnibus.
591 1609 697 1685 Neque
724 1611 803 1670 euim
830 1619 892 1670 erat
918 1611 1094 1673 iullomeri
1116 1613 1345 1676 themelici.
1439 1691 1440 1700 ἵ

310 1717 341 1757 v.
363 1701 425 1756 ²3⁷
449 1716 517 1856 ⁵qu
725 1775 798 1858 Περὶ
812 1769 867 1844 γάρ
884 1772 919 1851 ῥά
937 1772 952 1828 ἔ
964 1771 1068 1845 χαλκὸς
1085 1775 1185 1846 ἔλεψεν

401 1867 404 1872 ·
473 1843 568 1896 &ulle
586 1859 615 1896 τε
632 1844 680 1896 καὶ
696 1845 804 1912 pauor.

309 1964 426 2025 baculus
447 1961 500 2022 ille
523 1959 668 2037 Achillia,
690 1965 741 2038 qui
764 1985 799 2023 ec
819 1964 884 2023 loco
905 1963 955 2022 vel
977 1971 1115 2024 maxume
1133 1972 1262 2024 mortuus
1286 1986 1347 2026 esse

310 2050 449 2121 debebat,
477 2047 561 2121 quari
586 2047 623 2105 ad
642 2049 726 2107 vivos
748 2048 954 2130 revocandus„
971 2049 1050 2122 quod
1069 2049 1138 2109 fecit
1155 2047 1347 2126 llariuugiue,
1439 2115 1440 2122 χ

310 2142 341 2191 ut
362 2134 405 2192 ris
426 2131 584 2205 particulae
607 2125 671 2214 ἄρα
693 2133 845 2205 explorate
866 2133 1074 2206 perciperetur.

307 2216 315 2256 ¹.
395 2212 509 2274 Eadem
533 2216 580 2274 vit
600 2233 632 2272 ac
653 2220 783 2288 potestas
804 2215 963 2290 particulae
986 2207 1050 2298 ἄρα
1072 2223 1116 2274 eat
1138 2218 1224 2275 etiam
1246 2220 1278 2274 in
1302 2219 1348 2274 iu-

311 2291 572 2373 terrogationitus,
600 2318 687 2370 quam
716 2319 778 2358 rem
804 2299 907 2376 adtigit
929 2296 1078 2359 Devariue
1100 2322 1130 2376 p.
1152 2303 1205 2358 41.
1245 2299 1349 2376 Neque

311 2385 393 2442 cuim
423 2401 476 2458 per
505 2400 537 2438 se
563 2375 640 2439 recte
656 2379 744 2440 'dixit
769 2385 802 2440 iu
828 2379 876 2441 hia
906 2383 979 2442 locis
1002 2375 1074 2466 ‘alpoz
1102 2403 1167 2443 eaae
1196 2373 1349 2466 ἇορισιο-

311 2457 453 2547 λογικόν.
494 2461 571 2524 Nam
593 2463 618 2522 ai
639 2463 707 2522 dicit
728 2461 898 2542 Aeschylus
918 2467 950 2524 iu
964 2467 1076 2544 Septem
1089 2468 1225 2526 adversus
1240 2467 1350 2526 l'beboa

311 2571 340 2610 a.
364 2553 404 2609 92
427 2565 471 2624 aq.

558 2637 606 2694 Τίς
623 2625 677 2772 {ipe
694 2617 877 2708 dioerccprle
894 2630 942 2708 ἄρ’
964 2633 1109 2711 ἐπαρκέσει

552 2705 629 2757 θεῶν
679 2703 769 2769 decim
801 2769 806 2773 ,

311 2837 364 2893 per
390 2837 422 2874 se
447 2809 514 2897 ἄρα
542 2813 618 2874 nihil
647 2837 711 2874 cum
739 2817 968 2896 interrogatione
994 2815 1082 2880 babet
1102 2838 1268 2894 commuue,
1298 2817 1352 2880 aed

312 2907 428 2963 revocat
450 2901 568 2958 omnino
590 2898 751 2959 auditorem
772 2901 809 2958 ad
829 2910 1011 2975 praesentem
1030 2921 1132 2962 rerum‘
1150 2908 1274 2977 etatum,
1299 2903 1353 2976 qui

312 2992 362 3042 aut
390 2987 421 3042 iu
451 2983 683 3042 antecedentibus
713 2992 756 3042 est
784 2983 944 3058 descriptus
969 2995 1018 3044 aut
1048 2987 1150 3062 facile,
1178 2989 1354 3060 praesertim

289 3069 345 3127 ‘iu
365 3067 533 3124 narratione
554 3069 701 3140 scaenica,
728 3085 783 3140 per
801 3087 834 3126 aa
854 3068 1049 3145 intellegitur,
1078 3073 1175 3146 itaque
1196 3071 1283 3128 etiam
1303 3068 1353 3128 his

311 3152 345 3208 in
369 3149 454 3208 lociav
470 3148 534 3207 fere
560 3144 636 3206 hauc
664 3151 837 3210 senteutiam
864 3149 967 3210 habet:
996 3155 1076 3212 rebus
1102 3160 1145 3214 tta
1166 3156 1353 3228 cooperatae,
1408 3179 1414 3198 ¹

232 3263 235 3274 =
268 3288 272 3293 .
312 3229 362 3292 vel
382 3252 453 3308 qccoe
475 3251 557 3312 quom
577 3236 621 3290 ito
642 3237 708 3303 sict,
731 3235 789 3292 nisi
810 3235 889 3310 quod
907 3235 997 3297 multo
1010 3237 1223 3298 leviusindicat
1237 3233 1355 3301 Graeca

312 3313 453 3390 particula
468 3335 563 3373 rerum
577 3323 692 3390 statum,
714 3338 801 3392 quam
815 3319 877 3394 illa,
894 3340 968 3395 quae
981 3343 1036 3384 noe
1050 3321 1171 3382 docendi
1185 3341 1283 3380 caussa
1296 3341 1355 3394 po-

312 3401 432 3475 suimus,
454 3401 545 3458 etsie
566 3399 725 3474 respondet
747 3401 834 3476 plane
852 3400 1026 3464 Latinorum
1046 3410 1140 3482 ipitor.
1182 3403 1263 3480 Ergo
1281 3403 1356 3462 dicit

278 3558 279 3563 ἵ
311 3479 497 3558 Aeschylus:
535 3484 604 3552 Ques
628 3490 714 3560 icitur
742 3485 888 3560 defendet?
917 3493 979 3565 quis
1006 3494 1093 3566 irritare
1113 3489 1216 3568 arcebit
1238 3489 1357 3546 deorum

312 3563 497 3648 decrmaoe?¹
513 3563 555 3624 Et
574 3589 661 3641 quam
683 3569 720 3627 ad
740 3569 857 3628 modum
877 3568 931 3630 hoc
953 3578 1040 3649 eptam
1056 3569 1284 3649 intellegendum
1305 3573 1358 3646 ait,

311 3656 444 3728 apparet,
468 3649 494 3708 ai
513 3651 696 3712 recordamur
717 3673 793 3728 quae
812 3660 1039 3730 praecesserint:
1116 3711 1119 3717 .

621 3782 683 3864 βοᾷ
695 3778 770 3862 ’ὑπὲρ
788 3787 901 3870 repletum

622 3870 636 3902 o
655 3853 801 3913 λεακασπις
816 3851 931 3928 ὄρνυται
947 3851 1012 3912 λαός

622 3916 760 3990 εὐτρεπής,
779 3922 826 3976 ἐπὶ
842 3918 924 3976 πόλιν
941 3917 1057 3976 διώκων·

312 4034 346 4095 Si
370 4035 406 4094 de
426 4027 566 4096 hocloco
587 4035 767 4116 Hartuugius
789 4043 810 4100 1.
827 4042 848 4100 l.
869 4064 899 4116 p.
915 4043 986 4100 444.
1007 4039 1084 4102 lianc
1104 4059 1170 4101 esse
1190 4043 1232 4099 ait
1252 4033 1360 4099 corum

313 4119 563 4192 exclamationem,
586 4123 637 4195 qui
658 4123 694 4182 de
716 4124 828 4184 auxilio
849 4139 942 4200 prope
960 4121 1156 4200 desperarent,
1179 4143 1234 4198 per
1253 4143 1285 4184 se
1297 4121 1360 4182 hoo
