2922 4592
585 243 721 316 'totu'

236 417 299 470 Νῦν
316 403 367 468 οὖν
362 408 532 500 ’Hidsrpnv
548 411 604 472 sue
625 413 744 498 fretrus,
762 409 806 482 ἥδ’
826 412 993 502 ιὶκωμῳδία

172 545 177 550 ,
238 481 338 552 ζητοῦό
359 473 446 550 rite·
437 479 472 551 ἠν
489 502 544 538 που
558 479 667 564 ιιιτῠχῃ
685 489 798 544 θεαταῖς
815 502 884 538 ουτω
903 491 1074 558 σοφοῖς,

136 644 196 698 qno
216 623 363 682 tamenin
384 621 449 681 loco
470 643 530 682 uon
533 621 690 724 intellego
710 643 797 697 quam
821 621 940 681 obrem
963 619 1001 680 G.
1024 619 1167 680 Herman-

134 727 190 764 uus
210 706 346 765 ediderit.
376 697 417 788 ἢν
445 705 512 770 ποῦ
533 695 685 846 ’ptcdppp
694 727 777 780 κτε.,
805 726 893 780 quom
913 705 1054 779 particula
1079 705 1169 764 encli-

135 791 190 846 tica
214 810 273 847 noo
299 789 392 846 solutu
409 791 517 846 usitata
538 790 578 848 sit
601 810 633 846 ra
675 809 701 848 rs
719 751 810 865 locis,
842 788 1000 847 sedetiam
1022 807 1170 893 peneus·

134 875 258 930 cessaria
278 875 324 930 sit

218 985 280 1046 Sed
303 986 388 1046 etiam
412 987 446 1044 in
467 983 513 1044 bis
532 985 622 1061 locis,
640 994 673 1046 ut
697 987 841 1063 diximus,
861 989 957 1062 prIma
978 1007 1012 1046 ac
1031 985 1171 1046 naturalis

135 1070 180 1130 uia
209 1065 266 1132 ἐὰν
295 1069 454 1144 particulae
485 1070 571 1129 facile
597 1075 781 1148 agnoscitur,
815 1091 890 1146 qnae
923 1091 961 1130 ue
989 1073 1021 1128 in
1050 1069 1171 1144 reliquis

136 1151 255 1228 quidem
278 1153 429 1227 formulis,
460 1173 532 1226 quas
555 1154 648 1214 effecit
670 1155 771 1214 eadem
793 1153 951 1228 particula,
978 1152 1105 1214 difficilis
1125 1154 1173 1210 iu·

101 1271 106 1283 ·
136 1237 253 1296 tellecta
279 1247 341 1312 est,
372 1237 477 1311 quibus
498 1237 535 1296 de
555 1238 691 1298 formulis
718 1241 799 1312 prius
826 1259 914 1311 qoam
937 1237 1051 1311 dicam,
1082 1253 1173 1310 quom

136 1321 303 1382 uniuersam
323 1320 481 1401 particulae
508 1321 753 1396 significationem
774 1325 846 1384 satis
868 1315 1174 1388 demonstrarentur

137 1403 257 1478 ridear,
285 1400 441 1462 dicendum·
468 1401 540 1462 milri
566 1405 681 1464 videtur
711 1425 775 1464 esse
802 1405 838 1464 de
867 1407 932 1479 ipsa
952 1404 1173 1472 constructione,

138 1487 396 1560 qnamparticula
424 1481 483 1548 idn
508 1487 649 1550 admittat.
698 1487 738 1548 Et
764 1488 838 1548 illud
866 1487 983 1561 quidem
1004 1489 1064 1545 iarn
1084 1503 1173 1558 supra

140 1570 281 1642 vidimus,
304 1591 367 1644 cnpn
397 1579 517 1628 eventus
558 1571 666 1645 aliquis
688 1581 812 1645 ponatur
830 1589 887 1646 per
906 1591 971 1630 earn
991 1568 1174 1643 particulam,

140 1652 192 1729 qni
221 1661 315 1710 utrum
341 1653 456 1710 iutrrrus
484 1671 522 1708 an
550 1675 610 1712 uon
637 1655 751 1712 futurus
777 1657 814 1712 sit
845 1656 1028 1727 experientia
1059 1650 1175 1710 edoceri

139 1734 291 1807 volumus,
326 1734 487 1792 sollennem
514 1734 607 1793 fnisse
634 1738 846 1796 coniunctirum
870 1744 938 1810 post
960 1730 1016 1798 idn
1043 1735 1175 1809 particu-

140 1819 218 1891 lam,
260 1819 398 1891 quoniam
425 1818 640 1892 coniunctium,
675 1823 725 1893 qni
756 1839 902 1892 proxumo
934 1818 971 1876 ad
995 1818 1085 1876 laturi
1113 1817 1176 1874 rins

139 1900 267 1976 accedit,
289 1902 333 1959 rei
354 1902 537 1974 experientia
559 1903 786 1976 comprobandae
807 1902 1050 1976 significationem
1079 1896 1176 1972 babet,

141 2005 199 2059 qua
231 1983 267 2044 de
295 2003 327 2042 re
356 1994 484 2041 accurate
512 1987 669 2058 explicavit
697 1985 736 2048 G.
766 1984 991 2044 Hermannus
980 2005 1013 2042 ιιι
1038 1985 1112 2042 libro
1135 1989 1177 2042 De

139 2069 282 2144 prurticula
311 2057 350 2128 dv
377 2064 417 2125 ll.
439 2087 500 2140 cap.
524 2071 553 2127 4.
576 2089 606 2142 p.
624 2073 744 2142 disqu.
784 2067 888 2142 ltaque
915 2076 945 2128 et
967 2063 1037 2126 obm
1057 2067 1178 2126 fuerunt
1214 2125 1220 2138 ,

139 2152 321 2224 grammatici
350 2151 400 2224 qni
420 2169 535 2208 omnem
558 2146 761 2224 particulae'
745 2143 802 2213 cdv
822 2171 906 2210 usum
928 2171 964 2210 eo
984 2152 1068 2210 verbi
1090 2147 1177 2208 modo

141 2237 347 2306 terminarent,
376 2242 405 2291 et
429 2236 605 2292 exstiterunt
631 2254 726 2309 nuper
749 2234 825 2292 docti
851 2233 1003 2307 homiues,
1030 2235 1083 2306 qni
1102 2233 1178 2290 anti-
1219 2245 1224 2252 '
1267 2289 1270 2296 ,

141 2319 210 2390 quis
231 2317 347 2393 quidem
372 2318 557 2390 scriptoribus
579 2318 667 2376 alium
690 2317 943 2393 modumpraeter
964 2318 1178 2376 coniunctirnm
1252 2315 1255 2324 '

141 2406 209 2473 pust
235 2396 292 2462 ἐὰν
323 2400 492 2472 particulam
523 2421 581 2460 uon
610 2401 816 2475 concederent,
850 2401 975 2460 labantis
1004 2397 1178 2458 Graecitatis

144 2501 210 2540 ease
234 2484 360 2542 dicerent
384 2483 513 2556 reliquas
535 2488 772 2546 constructiones.
814 2481 849 2542 ld
872 2504 969 2558 neque
992 2485 1106 2542 ratione
1125 2499 1179 2540 nec

143 2585 198 2622 usu
218 2585 317 2623 verum
340 2586 405 2624 esse
430 2566 514 2624 facile
536 2567 633 2638 doceri
653 2577 760 2640 potest.
803 2565 887 2666 Napi
908 2586 995 2639 quom
1022 2564 1179 2626 incarnis

143 2649 207 2706 eina
221 2649 310 2705 modi
338 2649 518 2750 particulis
515 2631 634 2707 veluti
625 2670 656 2707 ιιι
678 2644 772 2716 ὅταν,
798 2639 940 2717 dmiccc,
973 2649 1031 2704 at'
1022 2667 1053 2704 ιιι
1072 2665 1180 2719 prono·

144 2733 223 2789 ruine
256 2731 377 2789 relativo
407 2752 470 2788 cunr
506 2717 546 2792 dv
577 2733 734 2805 composito
765 2718 803 2804 ὃς
828 2721 945 2802 tir,
928 2722 1057 2802 οπόσος
1084 2721 1124 2790 tis
1151 2733 1181 2786 et

145 2833 222 2887 qnae
243 2824 309 2874 aunt
331 2814 438 2872 similes
458 2815 595 2871 orationis
616 2814 777 2885 formae,
768 2834 800 2872 ιιι
817 2814 953 2872 oratione
968 2809 1084 2884 quidem
1106 2810 1181 2869 obli·

43 2904 46 2914 “
145 2917 221 2972 qna,
250 2907 280 2954 ut
308 2897 382 2954 illi
373 2899 431 2970 rpsi
455 2899 634 2972 grammatici
654 2896 845 2971 profitentur,
875 2897 926 2969 qui
947 2903 1055 2969 negant
1074 2894 1181 2951 sactum

146 2982 178 3038 iu
203 2975 261 3042 sidu
288 2980 445 3055 particula,
474 2980 615 3038 admissus
637 3000 690 3038 suo
717 2980 786 3038 loco
803 2980 855 3039 illa
873 2979 1018 3054 optativus
1039 2979 1094 3051 sit,
1128 2977 1182 3050 qai

145 3072 318 3137 propterea,
341 3063 417 3138 quod
438 3083 485 3124 res
506 3065 589 3136 qnasi
607 3065 640 3121 in
660 3065 834 3136 cogitatione
853 3065 950 3164 posita
966 3061 1181 3135 pronuntiator,

146 3149 323 3206 coniunctivi
346 3149 440 3206 vicem
466 3148 557 3222 gerit,
588 3147 669 3206 nulla
698 3149 774 3204 ratio
796 3149 924 3206 inveniri
948 3153 1062 3226 potest,
1092 3164 1181 3218 quam
1287 3159 1290 3168 ⁴

32 3238 36 3245 '
146 3233 193 3289 ob
202 3250 265 3290 rem
284 3251 347 3288 cnm
370 3233 403 3289 in
423 3232 525 3291 ceteris
542 3231 688 3304 particulis
706 3231 839 3288 omnibus
854 3229 910 3290 boc
928 3230 1051 3289 feceriut
1064 3225 1181 3302 Graeci,

145 3315 179 3374 in
210 3335 268 3372 nna
299 3310 487 3388 particula'
471 3307 528 3377 εὰν
559 3313 717 3372 dubitarint
746 3313 777 3372 id
795 3315 902 3373 iacere.
951 3311 990 3370 Er
1011 3310 1047 3369 de
1068 3313 1201 3392 rational

142 3399 264 3472 vquidem
291 3397 441 3455 hactenus.
498 3396 547 3456 De
572 3419 628 3456 usn
656 3407 752 3454 autem
771 3417 809 3454 na
828 3395 876 3454 illi
896 3389 1014 3468 qrridem
1035 3412 1182 3465 gramma-

148 3483 197 3539 tici
218 3490 348 3554 ueteres,
378 3483 430 3552 qni
453 3499 589 3538 maxume
615 3482 829 3538 coniunctivurn
857 3480 889 3535 in
912 3480 975 3536 eius
999 3474 1079 3533 morli
1109 3474 1181 3532 locis

111 3570 116 3582 “
147 3564 400 3634 commendarunt,
436 3565 499 3618 ainsi
530 3571 598 3618 stunt
631 3563 720 3636 plane
750 3560 904 3634 denegare.
956 3557 1074 3616 Etenim
1104 3557 1182 3616 nibil

148 3647 227 3706 alind
250 3646 459 3705 contenderunt
479 3645 538 3703 uisi
558 3643 628 3716 boc,
654 3654 732 3702 recte
755 3651 842 3716 atque
864 3642 1016 3702 ordinem
1040 3639 1086 3699 bis
1107 3641 1180 3700 locis

148 3733 221 3805 poni
246 3731 478 3800 coniunctium,
512 3733 540 3784 et
565 3729 590 3784 si
612 3726 684 3800 quid
702 3727 779 3800 apud
801 3723 891 3784 bonos
913 3727 1073 3784 auctores
1064 3727 1181 3782 inveni·

148 3823 248 3886 retur,
266 3813 354 3886 quod
387 3812 563 3884 discreparet
591 3811 627 3868 ab
648 3809 703 3868 bac
726 3830 842 3882 norma,
871 3809 901 3869 id
921 3829 981 3866 uon
1002 3807 1124 3866 videri
1116 3808 1180 3866 nni·
1227 3815 1229 3822 ’

88 3938 95 3946 -
149 3896 278 3958 tandum.
320 3893 354 3954 ld
375 3895 447 3953 adeo
468 3901 569 3968 aperte
589 3895 789 3970 pronuntiavit
810 3891 1051 3953 Grammaticus
1041 3912 1074 3950 ιιι
1094 3890 1178 3950 Ιιιιιιι.

148 3962 280 4038 Belleri
301 3980 451 4038 Anccdotis
474 3981 524 4036 Gr.
546 3999 576 4078 p.
603 3981 682 4050 144,
711 3983 763 4037 31.
789 3980 840 4052 qui
865 3978 938 4037 baec
960 3975 1060 4035 babet:
1091 3965 1179 4036 ’Edu
1233 3985 1236 3996 ’

152 4058 222 4126 Καὶ
246 4061 365 4139 τοῦτο,
395 4055 509 4145 ὥσπερ
531 4055 569 4124 τὸ
591 4053 646 4139 ei,
666 4055 865 4146 ὁριστικοῖς,
893 4053 1069 4136 adsrrsoic,
1097 4053 1190 4126 rino-
