2900 4584
286 281 350 361 240
458 320 462 326 ·
758 271 852 370 peip.

288 455 374 529 qnasi
401 448 509 512 Latina
537 448 633 509 dioasr
669 467 703 508 ca
735 467 801 508 aero
832 447 903 507 ntilti
933 445 1050 506 diceudo
1079 455 1153 508 sunt.
1204 447 1328 515 Tantum

286 543 375 614 ipitur
395 545 494 596 nostro
511 539 617 596 ,civitas
637 533 793 592 antimolot
815 540 866 592 otc.
910 528 991 590 Vide
1009 551 1090 605 quae
1103 534 1166 607 ipse
1179 531 1328 592 Devarius
1354 535 1358 552 ¹

232 667 235 674 ,
287 621 527 696 insequentibus
550 617 717 690 explicavit.
761 615 876 694 Quibus
900 617 932 673 in
955 615 1027 673 locis
1046 633 1139 688 quem'
1154 615 1191 673 ad
1211 617 1328 688 modum

226 723 230 728 ·
287 707 382 780 prima
402 706 447 763 vis
470 700 630 776 particulae
651 693 715 783 γὰρ
738 706 877 774 exstaret,
900 699 1002 773 paullo
1023 706 1090 756 ante
1111 698 1249 758 diximus.
1315 703 1322 760 '.

371 785 467 844 Etiam
487 788 519 843 in
543 784 792 858 responsionibus,
813 785 845 840 in
860 785 964 856 quibus
975 781 1063 859 uolgo
1077 790 1144 840 ante
1156 783 1326 856 particulam

286 865 350 953 4γὰρ
369 869 490 944 'aliquid
518 867 713 942 supplendum
740 886 803 926 esse
832 869 1027 939 existumant,
1050 868 1148 924 nativa
1167 864 1220 924 illa
1239 867 1326 926 adlir·
1367 897 1373 918 ε

286 953 386 1011 muudi
406 952 596 1028 significatio,
625 969 714 1024 qnam
732 948 820 1008 habat
840 969 877 1008 ea
897 949 1052 1024 particula,
1080 948 1235 1008 admodum
1259 971 1326 1009 con·
1361 1003 1365 1007 ,

288 1039 390 1110 apicus
416 1045 461 1096 est
489 1055 581 1109 eaque
605 1035 641 1092 ad
663 1055 713 1092 eos
735 1034 815 1092 locos
837 1042 914 1092 recte
933 1033 1143 1107 intellegendos
1172 1053 1249 1108 pens
1276 1055 1339 1092 ne·-
1391 1107 1396 1118 ι

288 1124 413 1180 cessario
441 1117 614 1193 explicanda
644 1127 695 1177 est.
712 1124 718 1136 ’
737 1115 841 1192 Neque
868 1119 964 1192 enim,
996 1123 1027 1173 nt
1046 1135 1134 1190 supra
1153 1120 1213 1174 ism
1235 1119 1326 1194 signi-

286 1205 447 1278 ficavimus,
469 1202 628 1276 quidquam
648 1201 839 1275 supplendum
861 1208 906 1260 est
923 1207 990 1259 ante
1009 1202 1238 1260 enuntiationem
1252 1221 1326 1276 earu,

289 1307 365 1362 quae
386 1289 510 1346 infertur
525 1307 579 1360 per
597 1285 767 1358 particulam
786 1278 859 1368 γάρ,
876 1284 926 1344 sed
941 1291 974 1342 ut
988 1285 1084 1342 omnis
1099 1293 1209 1344 constet
1224 1289 1326 1360 oratic,

286 1379 389 1446 postea
461 1389 540 1426 mum
575 1369 686 1442 aliquid
716 1371 801 1426 tacita
826 1370 1000 1444 cogitatione
1028 1367 1234 1426 adsumendum
1260 1371 1324 1446 erit,

288 1455 339 1515 sed
362 1452 425 1512 nihi
459 1441 556 1510 tamen
575 1453 683 1526 alieni,
703 1473 804 1511 verum
826 1452 858 1510 id
881 1455 992 1527 ipsum,
1014 1451 1092 1524 quod
1116 1471 1149 1510 ea
1171 1455 1326 1528 sententia,

289 1557 365 1611 quae
387 1536 534 1611 praecedit
557 1531 619 1618 γὰρ
643 1537 818 1610 particulas,
842 1537 1015 1594 enuntiavit.
1057 1532 1108 1593 Sic
1130 1538 1163 1593 in
1183 1536 1236 1593 illo
1253 1536 1326 1610 loco,

249 1675 252 1684 .
288 1640 374 1694 quem
394 1623 521 1694 primum
545 1621 641 1692 posuit
662 1618 809 1680 Devarius
830 1641 859 1693 p.
884 1621 934 1677 50.
955 1639 995 1677 ex
1015 1614 1223 1694 Aristophanis
1244 1621 1326 1678 Pluto
1375 1671 1380 1689 ,

287 1723 319 1763 v.
345 1708 426 1763 1148
448 1725 504 1780 sq,
526 1704 577 1761 nbi
594 1709 747 1778 postquam
769 1699 857 1761 Cario
878 1702 988 1760 dinitr¹

458 1825 564 1887 ’Fusus’
584 1829 729 1889 ἀπολιπὼν
746 1830 808 1894 τοὺς
824 1829 907 1893 θεοὺς
923 1821 1025 1888 ἐνθάδε
1043 1838 1137 1903 μενεῖς
1143 1856 1153 1899 ;

287 1955 443 2034 respondet
464 1952 648 2028 Mercurius:

424 2143 426 2150 y
503 2073 554 2156 ΔΤόε
571 2073 625 2150 γὰρ
643 2069 711 2148 παρ’
732 2073 801 2159 ὑμζν
820 2075 877 2131 ἐστὶ
893 2079 989 2144 βελτίω
1008 2074 1101 2146 uolui,

288 2213 347 2266 quo
365 2193 398 2249 iu
417 2192 482 2249 loco
503 2211 563 2248 non
586 2191 656 2249 satis
675 2197 752 2249 recte
766 2188 911 2250 Danaeius
927 2191 995 2250 dicit
1009 2189 1205 2250 Mercuriuma
1226 2187 1325 2266 μενῶ,

288 2283 460 2348 antequam:
492 2267 534 2335 od
555 2267 619 2355 γὰρ
641 2263 723 2354 παρ’
748 2265 825 2351 ὑμῖν
847 2270 916 2336 ἐστὶ
936 2269 1056 2353 βελτίω
1070 2267 1181 2348 1πολύ,
1197 2272 1326 2346 diceret,

288 2360 374 2416 tacita
396 2358 572 2434 cogitatione
601 2359 634 2413 in
657 2353 754 2414 alcimo
775 2377 828 2416 suo
849 2359 984 2417 volvisse.
1027 2356 1103 2418 Nam
1123 2360 1164 2416 ita
1185 2356 1327 2431 procedit,

287 2444 315 2502 si
335 2450 471 2499 naturam
489 2435 552 2521 γὰρ
575 2440 735 2514 particulae
756 2443 927 2500 interiorem
950 2450 1080 2517 spectas,
1100 2442 1242 2500 sententia
1262 2441 1326 2498 eins

286 2525 354 2583 loci.
380 2521 486 2582 cano
512 2523 597 2586 dicit:
633 2527 706 2582 Tum
732 2525 871 2583 derelictis
894 2527 938 2584 dis
964 2527 1008 2584 tcto
1031 2521 1190 2584 ntasmbis'd.
1219 2521 1328 2582 Reddit
1435 2517 1436 2543 ¹

226 2625 229 2636 ’
286 2605 470 2668 Mercurium
502 2611 579 2666 Sanc
599 2607 715 2684 puidam
745 2609 828 2684 opud·
849 2628 900 2668 cos
927 2609 1016 2668 multo
1046 2609 1146 2670 arelius
1175 2616 1226 2666 est.
1276 2604 1327 2664 Sic

285 2712 340 2766 per
358 2712 392 2752 se
414 2698 528 2751 constat
547 2695 698 2750 sententia.
740 2689 818 2751 Nam
839 2711 879 2749 ex
900 2711 950 2764 eo,
973 2691 1051 2765 qood
1070 2689 1236 2750 Mercurius
1249 2689 1327 2750 ,dicit

285 2775 334 2834 hic
357 2776 448 2834 multo
472 2775 577 2833 melius
604 2795 688 2849 asse,
718 2774 846 2848 denique
871 2778 1020 2850 sequitur,
1045 2784 1078 2832 nt
1103 2775 1175 2833 uelit
1195 2792 1325 2835 manere.

286 2856 320 2917 ld
348 2859 467 2933 quidem
495 2859 564 2932 ille,
593 2860 644 2932 qni
664 2860 705 2918 sic
725 2859 944 2933 loquitur,.ex
965 2879 1028 2933 eo,
1050 2856 1086 2917 de
1111 2879 1169 2932 quc
1191 2857 1328 2916 adfirmat

285 2945 368 3016 ipse,
390 2945 477 3000 tacita
498 2943 717 3000 ratiocinatione
738 2943 870 3016 suppleri
892 2943 972 3017 volt,
994 2942 1045 3001 sed
1066 2943 1130 3000 eius
1153 2943 1244 3000 oratio
1265 2961 1328 2998 non

285 3027 326 3083 ita
350 3033 449 3084 tamen
472 3026 607 3084 instituta
633 3032 693 3099 est,
722 3033 752 3081 ut
778 3028 942 3084 necessario
971 3026 1167 3098 supplendum
1193 3043 1258 3088 esse
1279 3026 1328 3084 ui-

286 3106 398 3166 deatur.
442 3105 549 3166 Gontra
564 3109 596 3168 si
616 3103 679 3190 γὰρ
701 3105 779 3164 nihil
801 3107 958 3168 aliudesse
971 3111 1110 3170 nisiuuus
1130 3118 1179 3169 aut
1194 3115 1327 3168 nostrum

286 3191 359 3248 dena
388 3191 566 3266 existumas,
596 3188 761 3251 necessario
790 3190 903 3264 aliquid
931 3200 1016 3250 antea
1035 3192 1204 3268 ponendum
1227 3195 1328 3252 estin

286 3275 477 3346 cogitatione!
501 3274 532 3332 id
556 3274 634 3348 qnod
653 3293 692 3334 ne
712 3279 808 3348 potest
829 3274 947 3348 quidem
965 3275 1041 3334 fieri.
1066 3273 1177 3357 ,Nemo
1192 3279 1328 3336 suim'ex

285 3357 511 3433 interrogatione
529 3358 647 3416 alterius
670 3353 829 3433 quidquam
851 3361 932 3433 prius
949 3367 1043 3433 potest
1066 3360 1183 3418 alterius
1207 3362 1328 3419 nomine

285 3441 436 3517 supplere,
472 3461 560 3516 quam
590 3443 662 3501 alter
691 3444 757 3516 ipae
784 3443 895 3501 locutus
922 3446 977 3504 sit:
1007 3463 1105 3516 neque
1130 3446 1241 3519 patitur
1270 3442 1328 3502 ltoc

284 3525 377 3597 ipsius
400 3526 558 3599 particulae
580 3520 643 3609 γὰρ
663 3527 758 3599 prima
777 3545 810 3584 aa
827 3529 927 3586 nativa
949 3527 1135 3602 significatio,
1157 3549 1216 3601 qua
1228 3529 1327 3601 aliqua

284 3625 350 3665 curn
377 3610 595 3668 ratiocinatione
625 3608 787 3668 adfirmatio
817 3611 1016 3673 introducitur.
1066 3609 1328 3686 Frequentissuma

234 3734 239 3739 .
284 3696 331 3751 est
343 3709 385 3757 ‚ea
398 3690 523 3750 dicendi
542 3695 628 3767 ratio,
646 3700 678 3750 nt
700 3713 758 3750 non
782 3692 900 3754 difficile
921 3697 1067 3770 sitplures
1079 3696 1158 3762 locos
1175 3697 1333 3772 colligere.¹

283 3771 442 3854 Adponarn
465 3776 607 3850 quosdam
627 3795 667 3834 ex
683 3774 833 3851 Euripidis
846 3781 1016 3854 Phoenissis,
1038 3786 1069 3838 ut
1085 3779 1245 3853 ostendam,
1266 3798 1329 3854 qua

211 3873 213 3878 ’
284 3859 415 3918 oratione
439 3859 549 3935 ellipsis
568 3860 636 3935 illa,
664 3862 691 3920 si
714 3881 789 3935 quae
810 3862 959 3922 statuenda
983 3865 1049 3938 sit,
1063 3863 1237 3937 explicanda
1258 3881 1329 3922 esse
1367 3915 1371 3922 .
1430 3877 1431 3888 ¹

282 3941 424 4002 videatur.
474 3941 525 4004 Sic
554 3946 646 4018 igitur
671 3947 704 4002 in
733 3965 767 4004 ea
796 3946 896 4025 fabola
922 3967 952 4007 r.
984 3950 1045 4007 598
1067 3954 1140 4023 ·‘sq.,
1168 3954 1331 4024 postquam

281 4022 414 4086 Ilteccles
434 4023 511 4088 hanc
532 4030 789 4104 interrogationem
806 4030 891 4089 fecit:
983 4021 993 4037 ‘

294 4159 297 4166 ³
384 4127 462 4194 Kdru
483 4137 536 4197 σὺν
552 4145 695 4200 πολλοῖσιν
713 4131 946 4218 dissensistis
964 4140 1046 4198 stata
1063 4137 1217 4212 nnuma,-
