2900 4584
608 179 705 303 aaa.
818 203 828 216 “
1114 219 1179 284 res

6 383 9 392 ‘
47 445 50 450 ,
140 385 235 446 voluit
255 361 459 461 Hartungius.
491 381 598 458 Neque
622 387 736 444 miratio
760 387 935 460 exprimitur
953 390 1018 464 ipsa
1037 387 1179 464 partionis

144 459 212 552 ἆρα
231 469 264 527 iu
287 465 443 543 Sophoclis
462 469 616 527 Philocteta
638 489 669 528 v.
690 470 762 526 976.

369 599 461 666 Οἴμοι,
479 600 519 658 τίς
534 591 605 668 εῗνήρ
614 620 624 661 ,·
646 585 693 668 ἆρ’
709 595 862 657 Ὀδυσσέως
877 593 966 662 κλύω,-

145 715 282 792 quemad
299 716 416 774 modum
431 719 531 794 statuit
543 706 735 792 Hartuugius,
754 718 806 778 sed
822 720 943 778 omniuo
957 719 1009 778 illa
1022 722 1180 782 continetur

142 802 175 858 in
196 801 434 875 interrogatione.
469 797 530 862 Ista
548 807 646 860 autem
663 801 805 874 particula
824 791 895 885 ἆρα
914 811 1071 878 propterea
1091 807 1181 864 utitur

141 880 312 958 Sophocles,
334 881 412 957 quod
432 883 525 961 voluit
542 881 722 942 Philoctetae
742 886 1003 960 interrogationem
1023 908 1088 946 curu
1110 907 1181 961 qus·

139 966 207 1024 dam
227 967 447 1025 ratiocinatione
470 966 592 1041 inferri,
614 975 647 1024 ut
669 965 725 1026 hoc
745 965 904 1028 dicereture
932 973 996 1028 liert
1018 971 1097 1040 stilti,
1118 975 1182 1048 qut·

140 1051 185 1108 tute
206 1051 288 1108 honio
311 1047 374 1107 est?
402 1053 526 1125 igiturne
549 1050 662 1110 ruscea
685 1049 793 1110 cerdici
835 1050 1009 1111 Philoctetes
1033 1055 1112 1113 eninr
1140 1073 1179 1112 ex

137 1133 193 1206 iis,
220 1149 295 1206 quae
320 1133 435 1192 dixerat
454 1129 581 1209 Ulixen,
609 1132 754 1192 concludit
780 1136 869 1194 istum
895 1137 994 1209 ipsum
1016 1155 1097 1210 esse,
1126 1139 1179 1210 qui
1222 1163 1227 1170 ·

138 1215 287 1289 loquatur.
334 1214 385 1276 Sic
413 1218 503 1276 etiam
525 1219 557 1276 in
584 1214 736 1291 Euripidis
761 1219 871 1278 Heleno
897 1238 927 1276 v.
949 1221 1022 1280 256.
1050 1239 1098 1280 res
1126 1239 1179 1277 ex·

138 1299 272 1374 plicando
293 1307 349 1376 est,
369 1300 420 1360 ubi
440 1299 511 1362 haec
532 1299 681 1363 dicunturr

312 1432 558 1514 ςψίλιςιγυναῖκες,
576 1434 630 1483 τίνι
648 1423 746 1501 πότμῳ
765 1426 936 1500 συνεζύγην)

298 1496 373 1570 ,Αρ’
394 1494 411 1566 ἡ
427 1493 543 1564 τεκοῦσά
559 1496 592 1567 μ’
613 1499 705 1554 ἔτεκεν
721 1497 881 1571 ἀνθρώποις
899 1502 977 1572 τέρας
983 1519 993 1562 ,·

138 1617 188 1675 nbi
210 1620 357 1691 posterior
377 1619 430 1677 illa
450 1621 639 1694 interrogatio
658 1622 701 1679 ite
720 1621 900 1697 instituitur,
922 1627 955 1679 nt
974 1639 1015 1680 ex
1034 1619 1081 1694 iis,
1103 1639 1178 1694 quae

136 1702 195 1775 ipsi
222 1701 394 1777 acciderint,
422 1702 493 1777 illa,
524 1723 599 1776 quae
619 1702 768 1778 loquitur,
795 1724 922 1778 persono
946 1702 1071 1778 quodam
1092 1702 1178 1761 modo

137 1783 300 1859 concludat,
319 1794 441 1844 matrem
459 1805 492 1844 se
508 1793 671 1844 monstrum
687 1788 849 1858 peperisse.
882 1784 919 1844 ld
934 1789 1026 1859 igitur
1038 1803 1179 1844 verumne

138 1869 179 1928 sit
208 1857 366 1941 quaestus.
406 1857 500 1927 Nullo
516 1870 603 1942 *enim
625 1867 713 1925 modo
734 1869 768 1926 in
795 1871 860 1942 ipsa
887 1867 1030 1942 particula
1051 1865 1107 1926 hoc
1128 1889 1180 1942 po·

138 1952 229 2012 sitnm
256 1956 321 2030 est,
348 1950 574 2025 quod'pertinet
596 1949 633 2010 ad
661 1971 776 2010 omnem
803 1953 1075 2026 interrogationem.
1117 1947 1181 2012 Nec

138 2033 226 2092 aliter
255 2035 306 2094 isti
338 2034 395 2093 loci
427 2034 606 2108 explanandi
636 2041 718 2108 sunt,
750 2055 821 2109 quos
850 2035 962 2094 ultumo
986 2034 1051 2093 loco
1077 2032 1181 2092 adtulit

136 2114 333 2194 Hartungius,
348 2115 388 2178 ‘iu
410 2139 468 2192 qno
490 2139 612 2194 numero
634 2125 678 2178 est
699 2115 853 2194 Sophoclis
875 2118 928 2178 ills
951 2117 1050 2195 Oedipi
1066 2117 1179 2177 Golooei

135 2222 163 2263 r.
187 2205 285 2261 318.“

301 2302 364 2387 'Ap’
385 2313 459 2369 ἔστιν
466 2337 476 2381 ,·
493 2301 540 2387 dp'
563 2311 613 2369 οὐκ
632 2313 706 2370 ἔστιν
713 2335 723 2381 ;
743 2309 875 2404 iqyroipsg
895 2313 1008 2379 utaris

134 2434 289 2508 Dubitatio
307 2437 387 2509 enirn
406 2456 466 2494 non
485 2436 629 2512 particula
648 2425 715 2518 ἆρα
735 2437 910 2509 continetur,
928 2434 980 2494 sed
998 2435 1097 2508 potius
1112 2435 1179 2510 ipss

136 2522 376 2596 interrogatione.
417 2519 473 2577 Est
502 2522 582 2578 euim
602 2518 659 2576 hoc
679 2538 795 2590 quoque
817 2519 880 2574 loeo
900 2518 1091 2591 interrogatio
1111 2537 1179 2575 con·

136 2603 265 2678 datvs,
284 2605 337 2662 ubi
356 2605 397 2661 ex
415 2602 522 2674 rebus,
545 2619 621 2673 quae
644 2619 677 2659 se
697 2600 781 2657 nobis
803 2599 945 2673 offerunt,
970 2595 1027 2654 hoc
1048 2616 1086 2654 an
1105 2598 1180 2656 illud

59 2753 61 2758 ,
136 2685 324 2748 statuendum
347 2685 385 2743 sit
408 2685 583 2756 ambigitur,
611 2689 643 2739 ut
669 2681 726 2738 hoc
746 2687 862 2753 qnoque
885 2669 952 2762 ἄρα
976 2679 1123 2751 pertineat
1144 2679 1181 2738 ad

138 2769 364 2828 conclusionem.
391 2762 468 2823 *Sed
488 2765 557 2822 nolo
580 2765 614 2820 in
633 2760 681 2822 his
704 2764 791 2821 rubus
814 2761 921 2820 diutius
942 2759 1083 2837 detinere,
1104 2783 1182 2837 qnae

139 2851 225 2912 tacite
246 2869 265 2906 a
287 2850 401 2922 quovis,
423 2848 475 2921 qui
491 2847 584 2906 libero
601 2844 708 2903 indicio
727 2852 814 2904 utens
833 2843 889 2903 hos
909 2844 989 2903 locos
1010 2849 1179 2920 excusserit,

139 2932 274 3007 intellegi
294 2936 433 3004 possunt:
459 2929 496 2989 ad
518 2951 553 2990 ea
572 2931 704 3005 veniam,
727 2949 802 3003 quae
823 2927 860 2987 de
881 2927 1070 2987 collocatione
1089 2933 1178 3004 perti·

138 3016 221 3076 culae
241 3014 364 3073 dicenda
384 3019 471 3072 sunt..

152 3149 155 3160 .
219 3095 367 3173 Particula
382 3099 459 3154 eninr
476 3083 542 3178 ἆρα
560 3096 594 3153 in
611 3095 839 3170 interrogatione
856 3113 916 3152 non
933 3095 1030 3154 solum
1045 3097 1078 3155 in
1093 3101 1175 3172 prin·

136 3184 211 3257 cipio
232 3182 394 3254 sententiae
413 3180 508 3238 locum
528 3177 632 3254 habet,
654 3179 706 3239 sed
723 3181 908 3254 postponitur
924 3181 1012 3239 etiarn
1029 3181 1175 3240 interdum

136 3264 310 3341 quibusdam
334 3264 450 3338 verbis,
476 3264 601 3338 proinde
623 3283 655 3320 ac
676 3271 737 3322 tota
757 3266 901 3323 sententia
923 3272 1089 3338 comparata
1112 3272 1174 3324 est:

134 3369 188 3408 nec
207 3347 282 3424 apud
300 3353 401 3422 poetas
419 3346 519 3428 modo,
537 3367 639 3406 rerum
658 3349 743 3406 etiam
765 3347 842 3421 apud
862 3345 994 3420 reliquos
1008 3352 1174 3418 scriptores.

134 3431 203 3509 Hoc
227 3438 326 3490 autem
345 3428 380 3485 fir
401 3436 451 3486 ant
472 3436 642 3503 propterea,
667 3429 748 3502 quod
768 3449 803 3487 ea
826 3429 933 3499 rerba,
960 3446 1036 3500 quae
1058 3447 1175 3499 praeoe-

136 3512 209 3575 dnnt
232 3510 413 3590 particulae,
434 3511 589 3592 magis‘oh
610 3508 782 3569 rhetoricam
803 3506 933 3581 aliquam
953 3527 1082 3568 canaam
1104 3509 1174 3570 elfe-

136 3599 228 3673 renda
252 3601 321 3658 sunt
348 3599 398 3650 ant
421 3592 446 3648 si
466 3592 523 3647 ista
543 3591 710 3650 conclusiva
729 3591 919 3666 interrogatio
942 3595 1037 3668 magis
1058 3592 1094 3652 ad
1114 3596 1174 3652 sin·

136 3682 238 3760 gulare
259 3673 613 3740 enuntiationis‘verbum
635 3676 781 3746 pertinere
801 3675 942 3734 videatur.

221 3763 381 3837 Utriusque
403 3753 546 3831 loquendi
566 3756 686 3814 rationis
708 3757 844 3830 exempla
864 3757 950 3814 facile
972 3757 1175 3830 inveniuntur,

137 3871 171 3908 ao
202 3849 308 3925 prioris
341 3842 459 3920 quidem
491 3839 585 3914 plura
609 3840 707 3912 posuit
736 3836 923 3896 Hermaunns
953 3841 985 3898 in
1013 3837 1106 3910 praes.
1138 3839 1174 3898 ad

140 3931 209 3994 θεά.
234 3932 329 3992 Gelon.
350 3948 382 4003 p.
404 3921 514 4002 XIX,
532 3921 624 3982 veluti
644 3917 791 3996 Aeschyli
813 3915 931 3996 ffleoeplt.
954 3943 981 3982 r.
1004 3919 1077 3986 295.'

262 4121 264 4126 Ι
348 4056 475 4114 Τοιοΐσδε
489 4055 628 4130 χρησμοῖς
643 4041 698 4128 ἆρα
710 4049 766 4126 χρὴ
786 4051 969 4118 secordiam,-
1152 4026 1157 4033 ⁸
