2916 4590
617 248 676 360 εν.
739 327 746 342 «
1106 295 1169 364 ser

128 467 217 528 finite
234 463 354 540 diutior,
375 463 481 524 diultur
500 465 587 522 etiam
607 462 771 538 indefinite,
792 461 869 537 quod
888 463 921 524 iu
939 471 1014 526 rectu
1035 469 1168 529 oratioue

129 551 229 610 locum
261 547 369 608 habere
399 549 514 622 nequit.
561 545 667 622 Itaque
699 549 787 606 etiem
817 545 902 606 credo
933 550 1074 610 soloeoum
1102 553 1168 612 lore

133 635 306 707 cretionem,
325 633 350 690 si
370 633 404 690 in
424 629 561 691 Isocratis
581 624 753 706 Panegyrico
773 630 837 690 loeo
857 631 1079 705 supralaudato
1099 637 1168 696 acri·

133 719 249 776 bamus:
284 707 430 789 Ἔξέσιαι
450 708 514 795 γὰρ
536 706 577 775 ἂν
596 714 670 787 τοῖς
688 709 749 792 μὲν
770 704 879 788 ἅδεώς
897 708 938 775 τὰ
960 707 1085 801 σφέτερ’
1110 710 1170 781 ori-

134 799 198 862 τών
228 797 446 882 καρποῦσθαι
472 788 537 859 nui.
579 794 685 870 Neque
715 798 794 855 enim
819 796 963 871 particula
992 795 1054 882 γὰρ
1081 801 1171 860 ullanr
1245 871 1251 882 Ι

131 881 219 940 hebet
241 883 312 956 vim,
333 888 362 939 nt
383 881 554 955 particulam
574 873 617 955 ἂν
635 879 786 940 adsumere
798 882 902 956 possit,
923 889 963 955 et,
986 885 1172 956 otperticnle

56 1010 58 1020 .
132 965 270 1024 collocata
292 971 347 1039 est,
369 963 406 1023 ad
426 963 506 1024 aliud
527 964 649 1024 verbum
669 984 731 1022 uon
751 966 862 1038 poterit
881 967 1031 1038 pertinere
1051 969 1111 1026 uisi
1134 967 1172 1026 ed

133 1041 285 1124 dge'o'eat,
297 1047 377 1122 quod
397 1047 464 1108 fieri
484 1040 545 1107 noir
566 1067 651 1123 posse
669 1046 754 1106 modo
775 1048 912 1107 diximus.
954 1045 1077 1109 Soloeca
1094 1058 1172 1111 esset

132 1133 222 1192 etiam
249 1134 342 1191 oratio
370 1129 448 1192 Isaei
474 1135 517 1192 De
536 1132 688 1190 hereditate
710 1131 849 1203 Gleoopmi
869 1134 897 1203 5.
920 1138 970 1190 32.
992 1133 1038 1192 ed.
1060 1131 1170 1212 Beki,

132 1217 158 1276 ai
181 1217 250 1290 quis·
272 1234 312 1274 cx
332 1215 415 1275 libris
434 1214 477 1275 A.
498 1212 537 1275 Β.
558 1215 718 1275 ιενίλνετελι
750 1210 807 1276 καὶ
827 1210 1096 1299 προσηπείλησεν
1116 1213 1171 1282 ὅτι

133 1291 277 1382 δηλώσει
303 1290 377 1362 ποτ’
403 1290 443 1362 ἂν
470 1291 576 1380 εοδιῳ
606 1289 652 1372 ὡς
677 1287 842 1360 διάκειται
864 1293 952 1382 πρὸς
972 1289 1088 1377 αὐτόν,
1115 1321 1171 1376 pro
1227 1297 1232 1322 ‘

132 1403 186 1457 eo,
220 1381 300 1458 quod
333 1381 423 1443 edidit
450 1379 535 1441 Imm.
560 1379 717 1440 Bekkerus
751 1401 792 1440 ex
828 1382 948 1455 reliquis
975 1381 1079 1443 librisc
1114 1378 1172 1448 καί

132 1459 413 1549 προσηπείλησεν·
430 1459 484 1528 ὅτι
506 1457 651 1546 δηλώσει
672 1453 745 1528 ποτ’
769 1457 809 1526 ἂν
829 1457 934 1549 τούτῳ
958 1457 1041 1541 ντί..
1069 1487 1171 1543 συσσι-

135 1569 224 1623 quem
243 1551 332 1608 etiarn
354 1547 386 1608 id
405 1569 476 1607 num
495 1548 568 1628 [etri
589 1549 682 1650 possit
703 1547 822 1606 dubium
844 1557 899 1608 est.
941 1546 977 1608 Si
1000 1551 1080 1611 enim
1099 1551 1171 1612 diei·

135 1640 198 1692 tur:
233 1627 286 1696 ὅιι
312 1624 456 1714 δηλώσει
482 1622 559 1694 ποτ’
591 1622 646 1703 σίν,
672 1632 816 1706 porticulo
841 1633 897 1692 istu
923 1639 1085 1694 necessario
1107 1655 1171 1694 cum

133 1717 225 1778 verbo
248 1707 393 1800 δηλώσει
413 1715 611 1789 conponenda
633 1717 707 1789 erit,
735 1714 820 1788 quod·
835 1737 900 1774 oum
921 1737 974 1792 eo,
1001 1719 1080 1792 quod
1102 1717 1173 1778 dicit

136 1793 290 1881 δηλώσει,
308 1806 409 1873 aperte
423 1804 575 1874 pugnaret.
617 1795 708 1857 Recte
721 1799 788 1870 ipse
800 1795 998 1873 Hermanuua,
1010 1804 1062 1874 qni
1076 1810 1174 1860 tameo

39 1950 44 1957 Ι
135 1881 263 1958 quodum
284 1882 388 1941 modo'
404 1873 442 1944 ἂν
465 1881 638 1954 perticulam
660 1901 725 1938 cum
744 1880 843 1938 futuro
867 1883 994 1939 construi
1012 1902 1099 1957 posse
1119 1905 1174 1958 pu-

135 1969 219 2042 tavit,
239 1962 340 2029 reiecit
360 1966 448 2042 etiam
468 1962 553 2040 illud,
575 1962 653 2038 quod
672 1965 705 2022 iu
725 1959 861 2023 Isocratis
881 1967 1059 2042 Propositico
1079 1971 1107 2039 5.
1123 1969 1174 2026 40.

137 2049 184 2110 ed.
213 2046 313 2108 Bekk.
338 2071 367 2124 p.
392 2047 463 2108 367.
492 2055 624 2107 extrema
649 2047 695 2106 ed.
716 2043 758 2120 Η.
780 2045 884 2123 Steph.
913 2048 983 2106 olim
1009 2051 1175 2127 legebatur:

134 2128 205 2198 Kal
225 2123 322 2198 ταῦθ’
347 2124 392 2206 ὡς
413 2123 452 2195 οὐ
475 2122 521 2194 δι’
540 2121 687 2216 ἀπορίαν
706 2124 858 2212 ἐγίγνετο,
881 2121 949 2196 ἀλλ’
965 2128 1019 2196 ἵνα
1039 2154 1175 2198 πιστευ·

133 2209 232 2298 θείην
252 2206 308 2302 ὑπ’
326 2210 467 2290 ἐκείνων,
489 2202 613 2301 ῥᾳδίως
634 2207 803 2295 γνώσεσθε
814 2204 872 2302 1ἷίν.
914 2213 969 2276 Est
983 2219 1061 2298 enim
1075 2237 1173 2280 merus

134 2300 339 2360 soloecismusc
379 2293 504 2384 ῥηιδίως
529 2291 698 2379 γνώσεσθε
727 2286 785 2374 iic,
819 2320 908 2373 quom
939 2293 977 2364 ἂν
1009 2305 1173 2363 necessario

135 2383 286 2459 adipsum
306 2382 437 2441 futurum
456 2381 616 2442 vocandum
639 2383 687 2456 sit,
708 2381 787 2456 quod
805 2382 882 2458 fieri,
901 2386 961 2445 nisi
976 2385 1081 2448 salsum
1099 2385 1173 2448 velis

96 2523 98 2530 ,
135 2465 173 2526 de
189 2455 329 2528 industria
344 2466 440 2526 fecere
455 2468 627 2540 orationem,
646 2486 707 2525 uon
720 2473 824 2540 potest.
866 2465 923 2528 Est
938 2471 1030 2545 igitur
1043 2470 1121 2530 istud
1135 2462 1173 2532 ἂν

136 2569 258 2613 summo,
271 2553 337 2612 iure
357 2552 494 2610 omissum
514 2552 548 2608 iu
568 2549 644 2608 libro
662 2546 818 2622 Urbium,
840 2551 918 2624 quod
938 2557 1033 2627 potuit
1054 2552 1174 2629 quidem

135 2635 177 2702 ita
198 2637 290 2710 uesci,
306 2635 395 2694 sicuti
414 2633 508 2693 voluit
527 2630 726 2702 Hermannus,
746 2631 825 2704 quod
847 2654 902 2706 pro
924 2630 1093 2714 γνώσεσθε
1113 2639 1174 2695 uai-

137 2724 198 2778 teta
218 2718 271 2776 ilio
293 2717 504 2791 permutatione
528 2706 716 2793 perdomitae
738 2716 876 2786 scriptum
897 2726 968 2791 erat,
989 2718 1040 2776 sed
1061 2719 1176 2779 videtur

138 2809 236 2862 tumen
256 2799 327 2858 hino
347 2803 381 2857 iu
401 2798 531 2873 volgatas
553 2795 694 2854 editiones
713 2797 878 2872 irrepsisse,
899 2799 975 2873 quod
994 2801 1077 2877 illud,
1097 2801 1175 2878 quod

65 2891 74 2901 “
139 2885 275 2957 sequitur
293 2881 439 2963 πρῶτον,
457 2881 603 2953 scriptum·
616 2886 679 2938 erut
692 2877 730 2954 ἆ,
757 2881 860 2940 usitato
877 2881 931 2940 illo
945 2885 1023 2944 vocis
1040 2907 1174 2961 compen·

140 2965 201 3040 dio,
223 2963 300 3040 quod
319 2965 594 3036 frequentissumnm
611 2969 654 3020 eet
670 2963 704 3020 iu
718 2961 802 3022 libris
817 2967 943 3040 scriptis.
986 2966 1071 3027 Talia
1085 2972 1176 3048 igitur

140 3049 197 3108 dici
209 3068 269 3106 uon
282 3048 447 3128 potuerunt,
463 3067 559 3120 neque
572 3066 590 3104 a
601 3043 720 3105 Graecis
735 3045 811 3106 dioto
824 3059 892 3108 aunt
903 3059 1049 3127 umquam.
1076 3051 1173 3118 Locos

137 3134 217 3194 enim
230 3151 291 3206 eos,
310 3133 382 3206 quos
396 3129 452 3190 huo
468 3131 641 3204 adtulerunt,
661 3139 809 3206 corruptos
822 3154 887 3196 esse
901 3145 969 3197 ante
982 3139 1173 3200 ostendimus.

220 3213 336 3292 Deinde
358 3213 394 3274 de
415 3215 551 3276 liberiore
571 3218 785 3276 constructione
805 3221 961 3292 particulae
984 3215 1023 3283 ἂν
1042 3243 1107 3279 cum
1128 3225 1173 3279 iu·

137 3299 261 3360 dicetivo
273 3299 365 3358 futuri
380 3301 530 3374 temporis,
542 3319 629 3374 quam
640 3301 796 3373 permultis
807 3303 879 3362 locis
893 3307 1034 3363 concessit
1047 3302 1084 3361 G.
1096 3299 1174 3364 Her·
1193 3317 1204 3330 ·

136 3403 278 3459 mannus,
307 3385 348 3442 sio
374 3403 431 3458 ego
457 3387 568 3444 statuo‘:
596 3385 724 3457 primum
744 3404 895 3459 nunquam
916 3384 991 3445 hanc
1011 3407 1030 3444 u
1053 3384 1174 3448 Graecia

137 3468 290 3530 admissam
319 3485 382 3528 esse
396 3467 469 3526 -ciui
495 3467 678 3528 ubizrevere
706 3460 749 3530 ἂν
773 3468 931 3541 particula,
961 3469 985 3526 si
1012 3463 1186 3529 solveretor‘

137 3554 248 3626 oratio,
284 3548 322 3607 ad
348 3547 428 3606 aliud
455 3550 634 3607 enuntiatum
661 3551 838 3624 pertineret,
867 3557 954 3624 atque
986 3551 1060 3614 illud
1089 3563 1178 3630 esset,

138 3635 217 3711 quod
236 3634 336 3694 futuro
351 3637 491 3707 ¹tempore
511 3629 664 3705 diceretur,
684 3631 775 3694 veluti
794 3633 827 3690 in
845 3632 899 3692 illo
920 3631 1069 3698 Theocriti
1089 3657 1176 3696 versu

62 3703 66 3714 '
136 3720 222 3794 repra
242 3711 383 3785 xxvss.
403 3717 455 3772 es.

429 3846 498 3899 Τίνα
518 3859 576 3910 κεν,
595 3845 655 3897 τίνα
675 3845 769 3913 μῦθον
785 3843 890 3915 ἐνίψω

140 3979 170 4032 et
197 3973 230 4032 in
256 3969 308 4030 illo
333 3965 477 4028 Dinarchi
503 3967 568 4026 loco
594 3963 740 4024 Adversus
759 3967 971 4025 Demosthenem
998 3969 1027 4039 §.
1050 3969 1100 4037 oa.
1136 3962 1183 4031 Te

141 4051 179 4120 δὲ
201 4043 257 4126 δν,
277 4053 426 4132 τιθῶμεν
446 4046 507 4137 γὰρ
528 4047 633 4113 ταῦτα
654 4041 712 4110 ἐὰν
729 4082 773 4124 4-
794 4038 895 4128 ὑμᾶς,
917 4044 1003 4135 πρὸς
1021 4047 1126 4122 θεῶν,
1150 4039 1177 4113 ὦ
1235 4121 1239 4130 ⁸

138 4127 277 4222 Ιἄνδρες,
302 4129 336 4200 σι’
349 4133 525 4221 ·.e'pos”›rtev‚·⁴
552 4153 627 4210 (puae
654 4136 826 4222 nutationes
843 4138 1090 4219 conpunctionis,
1117 4155 1177 4194 uon
