2902 4586
609 257 736 330 citici.
1022 333 1027 340 ,
1172 263 1195 332 e

114 457 119 470 ¹
155 436 187 492 iu
220 435 351 492 oratioue
382 441 479 492 contro
507 385 708 496 deductionem
740 439 770 509 ς.
800 433 849 493 1⁵.
876 431 932 493 ed.'
950 429 1048 492 Bell.
1074 455 1104 509 p.
1132 391 1195 492 dei

91 553 93 558 ·
155 524 288 580 extrema
310 513 356 575 ed.
377 513 482 574 Reisk.
529 511 579 576 Τὰ
607 513 670 598 μὲν
695 508 807 580 πολλὰ
828 509 933 579 ἐάσω·
963 507 1032 578 ἀλλ’
1057 511 1195 580 introi

77 601 83 606 “
154 597 357 661 Δεκελεικοῦ
379 596 530 674 πολέμου
553 633 599 656 -.
613 598 679 663 νῶν
698 593 761 681 γὰρ
784 589 928 682 ἀρχαίων
950 594 999 674 ἓν,
1031 587 1196 674 dodonec

154 677 241 759 ἐμοῦ
255 679 389 784 μᾶλλόν
410 675 606 752 ἐπίστασθε,
628 672 813 764 ὑπομνήσω
835 713 875 724 -
896 677 1030 743 πολλῶν
1051 676 1107 743 καὶ
1128 678 1195 744 der·
1263 679 1265 688 ⁴

153 763 219 824 νῶν
247 754 460 844 ατνχημάτων
488 756 682 842 συμβάντων
708 764 752 848 τῇ
777 754 879 826 πόλει
901 753 942 826 οὗ
964 755 1128 848 πρότερον
1147 761 1195 848 τῷ

152 841 291 927 πολέμῳ
313 839 539 927 παρέστησαν,
562 841 642 928 πρὶν
663 839 699 908 τὸ
722 839 878 908 ναυτικὸν
899 835 1008 908 αὐτῶν
1029 836 1195 909 ἀπώλετο.

153 925 212 986 Hie
231 928 327 989 verhis
346 925 410 985 luisr
433 921 474 988 τὰ
495 923 556 1004 μὲν
569 921 680 992 πολλὰ
696 920 796 1000 ἐάσω,
816 946 875 986 non
898 929 1060 1002 opponitur
1075 928 1196 988 verbum

152 1009 242 1086 illud,
262 1009 343 1086 qnod
362 1013 594 1085 exspectaveris,
616 999 702 1072 ἀλλὰ
722 1009 821 1072 τοῦτο
842 1005 937 1084 λέξω,
958 1003 1013 1074 ὅτι
1034 1003 1108 1082 aad,
1131 1011 1195 1090 sed,

86 1132 91 1138 -
154 1092 437 1167 quemadmodum
458 1113 546 1166 saepe
568 1094 658 1152 atisin
677 1097 709 1153 in
731 1091 842 1152 Latina
860 1095 993 1152 oratioue
1011 1092 1120 1153 tactem
1138 1101 1194 1170 est,

152 1178 218 1250 ipsa
238 1195 285 1234 res
306 1179 371 1235 sine
391 1177 449 1234 ista
469 1178 638 1236 circuitione
659 1173 788 1251 ponitur,
809 1194 904 1249 ecque
923 1177 1020 1234 minue
1037 1174 1094 1236 lroc
1108 1176 1194 1237 debet

154 1258 311 1320 offensioni
336 1278 417 1334 esse,
446 1257 526 1334 quod
551 1279 602 1334 aa,
631 1257 905 1334 quassatione,
933 1258 1103 1332 parenthesi
1123 1262 1194 1320 satie

152 1342 345 1418 significatur,
366 1362 453 1418 quern
475 1341 647 1402 admodum
668 1349 745 1404 totns
768 1341 848 1408 locus
871 1341 1087 1421 intellegendus
1108 1344 1157 1403 sit.

237 1473 272 1534 P.
292 1481 322 1534 2.
364 1471 508 1534 Primaria
532 1476 690 1551 particulae
711 1463 796 1540 ἀλλὰ
816 1477 861 1538 ris
885 1475 972 1536 facile
992 1478 1081 1536 ctiam
1101 1493 1192 1552 agno·
1205 1473 1285 1562 '4136
1301 1491 1347 1544 pre

153 1559 244 1618 scitur
261 1559 294 1626 in
311 1555 478 1618 hortatione
496 1567 525 1618 et
544 1563 679 1619 suasione
701 1567 731 1618 et
746 1561 778 1620 in
794 1559 1054 1618 exclamationibus
1067 1559 1192 1634 reliquie
1242 1557 1324 1602 *Μ’*

151 1640 274 1720 lrninsce
296 1639 386 1699 modi.
427 1639 506 1702 Nam
525 1645 557 1700 iu
578 1641 625 1702 lis
650 1661 768 1722 qnoque
788 1643 879 1716 locis,
901 1644 958 1702 etsi
978 1643 1119 1724 particula
1139 1641 1192 1710 ille
1207 1650 1238 1700 Ρ.
1256 1649 1283 1700 Ι.

152 1745 206 1798 per
223 1745 256 1782 se
276 1744 337 1782 non
357 1725 427 1784 facit
445 1723 658 1786 conclusionem
680 1733 929 1798 argumentorum,
947 1726 989 1786 sic
1009 1733 1107 1788 tamen
1123 1746 1192 1784 con·

152 1809 250 1882 iungit
276 1827 410 1882 novam‚·
428 1827 516 1882 qnam
541 1809 632 1868 infert
653 1810 844 1880 sententiam,
872 1825 1008 1882 cumea,
1034 1827 1123 1880 qnam
1143 1813 1194 1866 ant

154 1889 262 1950 elocuti
276 1909 374 1948 sumus
386 1896 454 1948 ante
466 1895 516 1946 ant
528 1891 617 1948 etiam
627 1892 660 1948 in
672 1891 769 1947 annno
780 1886 1036 1964 lrabmmquol
1047 1887 1195 1966 significat

153 1993 209 2032 nos
230 1974 318 2030 istam
338 1973 466 2046 priorem
484 1992 547 2030 rem
568 1980 618 2032 ant
638 1973 842 2048 cogitationem
860 1971 939 2031 velle
957 1971 1144 2048 relinquere,
1164 1978 1194 2032 et

153 2053 266 2136 aliquid
293 2057 363 2114 novi
389 2055 545 2129 suscipere.
587 2052 639 2114 Sic
664 2057 722 2113 ista
746 2053 906 2130 particula,
930 2073 994 2112 cnm
1020 2061 1108 2129 neget
1130 2075 1194 2120 mm

153 2158 219 2198 esse
241 2135 363 2198 eandem
384 2136 587 2212 diversamque
604 2137 722 2213 iudicet,
741 2147 836 2196 tamen
860 2136 931 2196 duas
953 2140 1100 2212 componit
1119 2139 1192 2198 istas

153 2241 201 2280 res
228 2227 257 2280 et
283 2222 326 2280 sic
352 2223 520 2296 coniungit,
546 2227 579 2278 nt
605 2220 739 2281 videatur
763 2220 856 2286 altera
876 2239 916 2278 ex
937 2217 1029 2282 altera
1050 2221 1193 2296 originem

45 2319 54 2338 ¹
153 2303 266 2366 ducere.
309 2300 360 2362 Sic
380 2309 477 2362 antem
496 2305 605 2378 accepit
625 2303 678 2362 illa
694 2303 835 2378 particula
851 2295 926 2360 hanc
939 2301 1194 2380 significationem,

154 2387 233 2464 quod
251 2395 486 2462 argumentorum
507 2388 721 2446 enarrationem
739 2394 790 2444 aut
808 2384 897 2444 aliam
917 2387 1124 2460 cogitationem
1142 2385 1194 2446 ab·

153 2473 261 2544 rumpit
283 2478 312 2527 et
332 2468 368 2528 ad
389 2489 451 2529 rem
471 2471 581 2546 ipsam,
604 2489 680 2544 qnae
700 2469 739 2527 sit
759 2467 887 2543 agenda,
908 2475 1001 2528 vocat.
1043 2467 1088 2538 lla
1109 2467 1193 2528 reddi

154 2573 194 2613 ex
221 2551 321 2612 indole
349 2551 468 2627 quidem
488 2551 607 2628 linguae
627 2551 754 2612 Latinae
774 2548 900 2624 fortasse
915 2553 1025 2626 poterit
1046 2551 1194 2620 interdum

152 2636 287 2716 proinde,
309 2655 411 2712 quero,
436 2653 522 2712 quarn
547 2635 580 2693 ol)
600 2654 658 2692 rom
682 2643 752 2702 cto,
775 2631 854 2706 quod
874 2651 928 2714 per
949 2651 980 2691 se
1001 2631 1109 2702 falsum
1129 2651 1195 2694 esse

153 2726 232 2778 recte
255 2717 395 2776 iudicavit
423 2715 462 2776 G.
483 2713 670 2774 Hermannns
695 2714 734 2773 ad
751 2711 900 2785 Vigerum
926 2733 956 2788 p.
979 2717 1068 2790 812„
1094 2720 1195 2778 nostro

155 2819 290 2861 sermone
316 2799 403 2867 Alco,
423 2802 463 2856 So
475 2839 482 2854 .
495 2837 503 2855 .
516 2838 544 2854 ..
567 2797 652 2866 deno,
673 2796 759 2862 modo
779 2793 852 2852 illud
872 2802 1039 2872 teneamus,
1068 2793 1195 2868 Graecos

153 2887 187 2942 in
213 2881 262 2940 his
282 2881 354 2940 locis
376 2879 461 2938 aliter
481 2880 690 2944 sententiarum
707 2881 851 2944 rationem
871 2879 968 2937 enimc
987 2879 1197 2956 conformasse,
1289 2943 1296 2948 ,

155 2973 245 3039 atque
272 2969 322 3030 ent
341 2960 467 3036 Latinos
494 2969 544 3019 ant
563 2981 618 3022 nos
638 2963 735 3038 ipsos,
762 2967 792 3020 et
813 2959 886 3022 illud
907 2981 961 3035 per
980 2963 1194 3040 oppositionem

155 3049 352 3122 expressisse,
374 3045 450 3120 qnod
472 3066 525 3104 nos
547 3045 717 3124 plerumque
737 3063 789 3118 per
810 3044 958 3120 quandam
978 3045 1194 3107 conclusionem

154 3129 303 3192 efficimus.
354 3125 417 3188 Sed
443 3130 530 3188 etiam
556 3125 604 3190 lri'c
630 3127 773 3206 exemplis
800 3129 895 3185 omnis
922 3147 969 3186 res
998 3129 1102 3188 clarior
1127 3133 1193 3190 crit.

25 3259 31 3272 .
154 3211 191 3273 ln
211 3214 358 3288 anigitur
376 3211 451 3289 loco,
472 3232 560 3290 quem
573 3209 719 3286 Devarins
741 3209 846 3280 adtulit
867 3227 907 3272 ex
925 3211 1038 3272 iliados
1060 3209 1192 3286 librali.

154 3317 183 3361 s·
206 3300 265 3364 1³9
287 3315 353 3386 sqq.
509 3325 512 3331 ¹
1060 3324 1066 3333 “

49 3417 52 3424 ’
177 3467 179 3474 ⁴
227 3463 230 3475 .
269 3409 447 3485 itll'dyed',
466 3411 503 3476 cic
519 3410 645 3483 caspar
662 3416 741 3481 sinn,
760 3409 926 3483 nazirimda
944 3407 1058 3480 adures·

164 3541 166 3548 ¹
275 3478 428 3563 φεύγωμεν,
443 3479 495 3540 σὺν
515 3487 595 3549 νηυσὶ
613 3485 699 3551 φίλην
717 3481 745 3542 ἐς
763 3482 883 3564 πατρίδα
899 3485 1001 3548 γαῖαν·

276 3548 309 3604 οὐ
327 3567 382 3621 γαρ
400 3549 439 3622 ἔνι
457 3553 559 3620 Τροίην
577 3543 730 3622 αἱρήσομεν
749 3547 932 3619 trinonymum,

157 3663 346 3742 Agamemno
370 3664 437 3717 ante
462 3658 604 3718 rationem
628 3657 808 3732 reddiderat,
836 3679 888 3718 eur
913 3657 1004 3720 Troia
1030 3663 1196 3734 expugnari

56 3793 59 3800 .
157 3769 219 3815 non
239 3764 325 3822 posse
344 3743 506 3818 videretur:
528 3738 637 3799 deinde
655 3739 878 3814 descriptionem
897 3743 1054 3814 coniugum
1073 3747 1103 3798 et
1122 3740 1195 3800 libe·

157 3851 268 3904 ποιων,
279 3823 341 3902 ’,(1σί
361 3829 394 3891 in
414 3826 511 3899 patria
527 3825 735 3884 remansissent
748 3828 778 3880 et
790 3822 917 3886 reditum
931 3822 1075 3884 exercitus
1088 3823 1196 3890 misere

153 3907 380 3987 exspectarent,
410 3908 479 3972 dum
503 3907 569 3982 ipsi
598 3903 647 3963 hio
675 3905 785 3962 frustra
810 3909 1010 3977 morarentur,
1040 3903 1195 3978 adiecerat,

53 4027 54 4030 ¹
158 3995 231 4062 lam,
243 3994 304 4055 volt
324 3991 376 4051 ille
397 3996 634 4068 argumentorum
655 3985 773 4063 quidem
794 3985 1007 4056 enarrationem
1026 3987 1196 4048 concludere

118 4119 121 4130 ·
153 4064 190 4148 'et
218 4072 525 4166 idponeregqnod,
551 4079 636 4154 prout
658 4091 704 4159 res
726 4089 760 4143 sa
778 4067 924 4160 babeant„
949 4069 1115 4160 sedandam
1139 4072 1195 4140 sits
