2872 4584
219 300 223 307 -
277 207 380 330 ’550Ι
451 306 487 348 ·.
719 211 899 342 gum,

105 423 222 492 Ἐπειδὴ
239 419 275 480 tv
377 429 473 488 Etiam
500 420 615 510 ἐπειδὴ
647 425 719 484 alias
745 424 900 499 particulas
922 422 1068 497 appositas
1089 417 1193 496 habet,
1218 439 1251 478 ac
1272 420 1337 493 pri·‘

135 497 231 614 ,siva
294 535 372 571 mum
395 506 511 587 quidem
537 511 640 568 dictum
664 518 707 566 est
729 502 845 588 ἐπειδὴ
869 496 921 576 dv,
943 497 1016 563 hinc
1032 505 1139 561 facturn
1159 503 1237 578 apud
1255 501 1331 560 Atti·

150 562 258 615 mlml'
293 617 340 654 cos
361 599 515 670 scriptores
540 585 691 660 ductricis,
713 590 793 663 'quod
817 608 905 663 quom
928 589 1116 668 ipsspatnra
1137 607 1188 644 sna
1212 589 1330 644 coniun-

292 681 400 736 ctisum
428 680 619 751 potissumum
642 673 798 744 adsciscat,
827 691 883 744 qua
905 671 941 729 de
963 691 995 728 re
1015 670 1149 744 exempla
1172 667 1330 727 adserenda

125 756 265 812 Ἐπειδὰν
293 778 351 818 non
376 771 459 834 snut,
483 768 579 818 tamen
599 759 686 816 etiarn
709 777 771 813 cnm
796 757 926 836 optativo
950 756 1132 812 coniunctum
1151 761 1213 828 est,
1234 755 1284 809 ubi
1305 754 1330 809 is

112 844 168 876 ‘¹¹¹¹'
184 831 275 890 ΨΜ·
292 852 414 918 propter
435 844 593 900 orationem
615 840 762 912 obliquam
783 839 875 894 vicera
898 838 972 911 gerit
993 837 1187 909 coniunctivi,
1216 855 1274 908 qna
1297 833 1331 892 de
1375 909 1379 914 Ι

174 910 217 945 '⁰'
293 945 325 983 re
359 945 447 999 quom
483 927 571 983 etiam
602 943 679 980 nunc
707 921 852 980 dubitetur
881 941 896 976 a
925 921 1118 991 grammaticis
1144 917 1332 990 quibusdam,

261 1017 267 1027 '
294 1009 392 1082 paulic
420 1010 479 1066 iam
509 1008 651 1084 copiosius
680 1006 766 1062 nobis
793 1001 996 1075 explicandum
1028 1007 1079 1060 est.
1123 999 1162 1058 Et
1192 1003 1331 1058 rationem

296 1091 416 1164 quidem
441 1093 534 1164 ipsam
562 1091 621 1146 ianr
651 1087 863 1160 explicavimus
890 1103 979 1157 supra
1005 1077 1118 1145 indole
1137 1083 1278 1157 particula
1303 1105 1331 1156 p.

297 1177 359 1231 457
373 1193 440 1246 sqq.
460 1171 528 1230 vide
546 1173 633 1229 etiam
651 1167 689 1228 G.
707 1167 908 1227 Hermaunum
926 1171 967 1223 De
985 1167 1127 1242 particula
1146 1158 1189 1227 dv
1207 1167 1257 1224 lib.
1278 1163 1331 1222 lll.

297 1262 413 1329 capv4.
433 1275 472 1328 ·p.
498 1257 558 1311 147
579 1273 645 1325 sqq.
688 1251 737 1310 De
761 1272 815 1307 usn
839 1259 933 1307 autem
957 1249 1014 1306 loci
1038 1250 1107 1306 satis
1130 1249 1213 1305 multi
1235 1250 1332 1306 testari

181 1359 184 1370 ·
207 1361 209 1365 ·
265 1342 419 1412 ¹possunt
439 1336 521 1394 etde
538 1339 670 1392 orations
688 1333 804 1407 quidem
820 1353 889 1402 uere
906 1333 1021 1406 ohliqua
1040 1333 1149 1405 primus
1168 1333 1249 1389 testis
1269 1352 1333 1404 pro·

297 1419 365 1476 deat
393 1417 624 1490 Demosthenes,
653 1419 703 1490 qui
729 1419 761 1474 in
792 1418 923 1473 oratione
946 1423 1045 1473 eontra
1069 1418 1215 1472 Onetorem
1239 1415 1332 1486 prima

298 1505 327 1572 §.
351 1507 380 1558 6.
409 1501 454 1559 ed.
476 1499 575 1558 Beki.
605 1523 635 1574 p.
659 1497 738 1572 865,
758 1501 808 1556 252
831 1498 876 1559 ed.
898 1496 1002 1556 Reisk.
1023 1494 1095 1554 haec
1117 1495 1221 1554 hahet:
1235 1487 1329 1556 ‘lios'

299 1579 337 1645 ἐκ
357 1578 422 1644 σῶα
443 1578 639 1663 γιγνομένων
660 1573 720 1643 οὐκ
741 1571 817 1643 ἔσθ’
837 1575 930 1680 deneg
950 1570 1008 1656 οὐχ
1029 1572 1141 1662 ἡγεῖτο
1162 1579 1227 1640 τῶν
1245 1571 1339 1640 ciart--

298 1687 363 1725 των
390 1659 483 1746 δίκην
509 1685 552 1739 με
574 1658 750 1747 λήψεσθαι
778 1652 862 1746 παρ’
887 1661 1010 1732 cauda,
1040 1658 1178 1723 ἐπειδὰν
1198 1654 1349 1738 τάχιστα-

299 1739 383 1828 olrrip
402 1739 487 1808 alnon
506 1740 768 1829 donrpraot‘tct'pv„
789 1767 847 1818 qno
868 1747 900 1803 ia
921 1745 984 1803 loco
1006 1753 1035 1802 et
1055 1744 1123 1802 libri
1145 1763 1242 1806 omnes
1260 1765 1330 1802 con-

298 1833 427 1888 sentiunt
448 1838 476 1888 et
500 1848 547 1888 res
568 1831 634 1902 ipsa
654 1831 774 1886 obscura
794 1849 853 1886 nou
876 1835 936 1900 est,
956 1834 988 1885 nt
1006 1830 1096 1885 mirer
1116 1825 1280 1886 Dobraenm
1299 1830 1334 1884 in

291 1913 416 1971 ‘Atlanta
438 1911 497 1973 vol.
521 1910 545 1970 l.
566 1933 596 1985 p.
618 1916 691 1969 493.
711 1903 847 1969 inutilem
865 1913 1054 1970 coniecturam
1075 1911 1191 1984 iecisse,
1215 1905 1330 1991 ἐπειδὴ

297 2015 352 2069 pro
379 1990 516 2058 ἐπειδὰν
538 1994 722 2052 scribendum
742 2014 824 2069 esse,
849 1997 941 2068 magis
962 1996 1048 2052 etiam
1069 1996 1160 2052 mirer
1181 2013 1243 2053 earn
1267 2015 1334 2051 con-

297 2079 437 2134 iecturam
467 2079 551 2149 qnasi
580 2080 664 2134 unice
691 2097 793 2136 ueram
820 2079 1032 2150 comprobatam
1060 2096 1124 2134 esse
1150 2081 1182 2135 in
1206 2071 1335 2134 editions

298 2161 466 2221 novissume
481 2156 638 2217 Thesauri
664 2157 854 2235 Stephaniani
881 2161 937 2217 rol.
965 2157 1019 2216 ΙΙΙ.
1045 2179 1074 2233 p.
1103 2163 1192 2216 1453.
1216 2158 1258 2217 D.
1301 2157 1335 2216 ld

298 2241 371 2299 adeo
394 2243 482 2300 etiam
502 2243 550 2300 ibi·
565 2242 609 2315 lit,
633 2252 664 2300 ut
681 2237 818 2304 ἐπειδὰν
834 2263 898 2300 cum
914 2232 1043 2316 optativo
1061 2243 1264 2318 coniungatur,
1285 2243 1336 2301 nlsi

256 2400 260 2404 ,
299 2327 392 2382 oratio
408 2323 530 2400 ¹quidem
551 2327 760 2398 vereobliqoa
783 2346 840 2381 non
860 2336 913 2395 est,
931 2325 980 2382 sed
1001 2329 1041 2382 ita
1058 2335 1156 2383 tornea
1171 2335 1335 2400 comparata

298 2427 345 2464 res
365 2415 418 2480 est,
441 2416 469 2463 ut
492 2407 537 2463 ad'
550 2410 752 2480 cogitationem
772 2410 851 2466 verbi
872 2407 973 2466 modus
995 2412 1123 2467 revocari
1146 2412 1250 2484 possit,
1273 2411 1336 2467 vel·

293 2492 340 2546 'uti
368 2491 398 2546 in
425 2487 634 2564 Xenophontis
661 2491 819 2566 Disciplina
842 2492 907 2562 Gari
935 2490 986 2550 lib.
1012 2489 1125 2565 l.,cap.
1151 2498 1179 2549 3.
1211 2497 1240 2564 §.
1269 2499 1337 2564 11.‚
1416 2489 1417 2492 ’

297 2573 347 2629 ubi
368 2593 429 2630 non
450 2577 533 2646 pa'rrci
555 2573 637 2648 lihri,
667 2572 718 2632 sed
741 2575 872 2647 plerique
895 2595 994 2632 omnes
1016 2577 1154 2646 scriptum
1176 2575 1337 2633 exhibent:

297 2644 375 2715 Εἶθ’
399 2648 626 2739 ὁπόταιῆκσι
647 2650 704 2718 ἐπὶ
726 2652 764 2716 uri
787 2654 929 2724 δεῖπνον,
952 2648 1074 2736 λέγοιμ’
1096 2646 1145 2726 dv,
1168 2653 1221 2719 tta
1239 2653 1340 2721 λαλε-

296 2753 363 2798 aar·
396 2734 532 2800 ἐπειδὰν
559 2733 596 2801 dd
623 2733 711 2802 πάνυ
740 2731 923 2816 σπουδάζοι
953 2742 1086 2822 φαγεῖν,
1117 2733 1249 2818 εἴποιμ’
1281 2733 1339 2810 dv,

296 2813 350 2882 dre
377 2815 471 2902 παρὰ
498 2822 573 2892 ’ταῖς
601 2816 744 2900 γυναιξίν
765 2816 881 2894 donea,
910 2822 986 2895 quod
1009 2832 1050 2880 est
1075 2821 1110 2880 ad
1134 2823 1216 2881 illum
1239 2825 1341 2881 locum

295 2904 494 2976 aptissumurn.
537 2901 598 2961 Res
630 2906 708 2961 enim
737 2905 769 2962 in
794 2905 969 2977 cogitatione
992 2908 1126 2979 ponitur,
1154 2916 1186 2964 ut
1207 2911 1342 2981 repetita

290 2986 364 3041 actio
394 2985 548 3042 indicetur.
578 2985 697 3060 ,Neque
726 3006 782 3061 ego
808 2971 897 3046 ullam
929 2988 1013 3047 video
1041 3009 1172 3047 caussam
1195 3010 1249 3048 eur
1272 3011 1341 3048 raon

290 3085 390 3123 verram
420 3069 460 3125 sit
489 3066 567 3140 quod
594 3070 702 3126 ibidem
735 3072 763 3142 §.
795 3076 843 3130 18.
873 3072 979 3145 legitur
1005 3073 1036 3129 in
1062 3072 1160 3143 libris,
1190 3083 1344 3147 quantum

290 3151 400 3220 sciam,
432 3151 586 3206 omnihus:
611 3145 726 3224 Ὅπως
754 3139 811 3212 οὖν
836 3148 882 3234 μὴ
913 3144 1027 3238 ἀπολῇ
1054 3151 1343 3234 μαστιγούμενος.

290 3224 427 3292 ἐπειδὰν
456 3223 544 3293 οἴκοι
572 3225 657 3312 ελής,
687 3225 726 3292 ἂν
752 3228 846 3314 παρὰ
872 3228 991 3297 τούτου
1011 3232 1134 3313 μαθὼν
1155 3232 1345 3324 {inpediri

290 3312 348 3373 τοῦ
370 3311 546 3390 βασιλικοῦ
567 3310 604 3374 τὸ
626 3309 829 3396 τυραννικόν,
853 3311 887 3378 ἐν
916 3303 941 3400 ᾧ
968 3315 1037 3382 ἐστὶ
1057 3314 1094 3380 τὸ
1117 3302 1236 3382 aletha
1266 3317 1347 3384 oi'e-

292 3398 377 3456 otton
397 3397 516 3479 χρῆναι
538 3390 670 3458 πάντῶν
692 3391 803 3474 diaeta,
829 3419 888 3473 quo
919 3403 951 3458 in
983 3403 1046 3460 loco
1074 3403 1112 3460 ob
1142 3422 1205 3461 sam
1235 3407 1348 3478 ipsam

292 3499 420 3536 carrssam
451 3479 566 3560 videtur
598 3478 786 3555 Xenophon:
822 3477 959 3546 ἐπειδὰν
992 3479 1080 3547 οἴκοι
1113 3478 1200 3567 εἴης,
1222 3471 1349 3562 'potius

292 3563 458 3638 scripsisse,
488 3561 593 3636 qnam:
628 3559 765 3626 ἐπειδὰν
793 3557 879 3628 αἶ’κσι
907 3555 957 3650 ᾖς,
983 3577 1016 3624 ut
1037 3567 1111 3626 hanc
1131 3570 1348 3629 condicionem

195 3643 202 3652 ‘
285 3655 435 3720 separaret
462 3646 498 3703 ab
524 3665 575 3720 ea,
605 3668 680 3720 quae
707 3650 856 3721 aequitare
886 3642 925 3710 dv
952 3645 1047 3732 παρὰ
1068 3644 1187 3714 τούτου
1207 3653 1351 3730 preosda

289 3721 373 3812 ἥκῃς
401 3718 473 3789 ἀντὶ
493 3728 553 3791 τσῦ
573 3726 749 3807 βασιλικοῦ
771 3727 809 3790 τὸ
834 3727 1033 3811 τυραννικόν.
1077 3732 1162 3793 Hanc
1186 3737 1270 3793 enim
1299 3741 1351 3796 ita

289 3813 408 3886 posuit,
443 3821 475 3868 ut
509 3812 677 3885 sinrpliciter
707 3819 840 3870 euentum
876 3817 1058 3887 experientia
1083 3815 1351 3892 comprehendam

292 3893 476 3967 designaret,
497 3895 576 3951 illam
598 3893 635 3950 ad
656 3897 861 3969 cogitationem
883 3901 1044 3972 revocavit,
1065 3921 1122 3974 qno
1146 3903 1243 3975 magis
1267 3925 1353 3977 prn-

293 3977 387 4047 priarn
417 3975 537 4034 alterius
560 3979 727 4049 opinionem
747 3979 903 4048 indicaret,
928 3991 956 4038 et
978 3985 1060 4055 quasi
1083 4003 1122 4041 ex
1143 3985 1268 4042 alterius
1298 4009 1354 4045 ra-

295 4058 477 4116 tiocinatione
504 4056 575 4116 haec
597 4070 733 4132 poneret:
764 4056 901 4123 ἐπειδᾶν
923 4057 1011 4127 οἷ’κσι
1033 4059 1118 4146 el'qgr
1156 4065 1356 4145 Eodemque

1396 4427 1406 4528 l
