2922 4586
310 231 345 340 l.
458 266 525 352 γέ,
558 266 605 350 γέ
630 291 726 360 uros,
758 273 875 362 γοῦν.
1125 273 1192 338 321

147 454 256 496 nomeu
274 434 404 496 effertur.
445 432 527 496 Vide
548 433 588 496 G.
600 433 642 496 Η.
655 433 806 498 Sclraot'mi
825 439 965 517 Apparet.
987 441 1027 500 od
1042 443 1188 504 muron.

146 518 220 586 Vol.
242 517 299 580 lv.
320 541 349 596 p.
374 524 444 580 141.
484 519 597 582 Eadem
619 521 683 580 fere
704 532 881 597 canossam,
909 527 1017 599 sipost
1038 527 1187 600 praeposi·

149 607 260 672 tionem
285 613 314 662 et
341 604 509 680 particulam
531 600 567 685 γὲ
591 607 724 678 seqnitur
741 625 848 665 nomeu
869 609 1033 680 praeposito
1055 610 1187 684 articulo,

148 688 238 748 relati
258 691 291 746 in
308 685 462 763 Sophoclis
486 689 592 765 Oedipo
613 707 677 764 rapa
702 709 731 748 r.
757 691 829 749 358.
853 689 899 748 ed.
922 688 1025 749 Herm.
1049 691 1167 751 dicitur:

310 793 387 872 Πρὸς
404 802 452 854 τοῦ
469 799 612 870 διδαχθείς
618 824 627 866 ,·
645 799 678 855 οὐ
695 799 750 874 γὰρ
766 803 797 856 ἔκ
815 819 848 873 γε
866 805 912 871 τῆς
929 788 1032 873 τέχνής.

146 901 203 961 llic
227 905 452 979 praepositionis
476 907 522 966 ris
550 905 661 965 tollitur
684 907 826 981 particulo
847 903 884 988 γὲ
909 909 1002 984 magis
1025 929 1112 982 quam
1135 929 1189 968 no-

144 987 241 1062 minis,
260 1009 437 1063 quamqusm
456 991 555 1048 omnin
575 987 664 1048 lraec:
689 983 725 1052 ἔκ
746 1011 783 1072 γε
804 991 862 1075 τῆς
881 987 1009 1074 τέχνης,
1029 994 1189 1067 aptisunmc

143 1069 298 1130 cohaerent
325 1075 404 1131 inter
429 1093 473 1136 sc.
516 1072 605 1154 Quod
627 1075 653 1133 si
675 1074 783 1132 dictum
804 1082 898 1134 esset:
925 1065 966 1138 οὗ
987 1072 1051 1160 γὰρ
1073 1072 1109 1138 ἐκ
1131 1075 1190 1160 τῆς

143 1173 180 1233 γε
201 1151 326 1237 τέχνης,
353 1155 445 1232 magis
467 1155 623 1216 efferretur
642 1165 750 1216 nomeu
773 1158 832 1242 τῆς
852 1154 992 1240 τέχνης,
1021 1158 1100 1234 quod
1119 1158 1188 1218 luric

143 1237 206 1296 loco
227 1242 322 1298 miuus
343 1250 443 1315 aptum
465 1239 518 1300 e'st.
559 1239 666 1316 Neque
687 1243 766 1300 euim
787 1241 946 1301 credendus
967 1251 1011 1302 est
1025 1239 1187 1318 Sophocles

140 1321 225 1380 illum
246 1325 401 1385 verborum
424 1323 555 1383 ordinem
577 1346 638 1382 non
662 1323 768 1385 secisse
788 1327 848 1385 nisi
869 1327 907 1386 ob
929 1335 1050 1386 metrum
1070 1347 1187 1386 servan-

140 1393 219 1464 dum.
261 1405 442 1468 Rectissume
462 1409 541 1466 euim
556 1406 593 1467 G.
607 1407 795 1470 Hermannns
816 1409 849 1468 in
867 1409 959 1486 prael.
980 1409 1017 1468 ad
1031 1407 1186 1486 Sophoclis

142 1490 283 1549 Electram
305 1514 335 1566 p.
359 1489 449 1553 Vlll.
477 1491 667 1552 uehementer
693 1512 744 1552 eos
767 1495 809 1552 nit
831 1513 946 1568 errare,
977 1494 1028 1568 qni
1053 1493 1186 1554 ordinem

143 1580 173 1630 et
194 1574 410 1633 collocationem
432 1578 587 1634 uerborum
609 1576 671 1636 solo
694 1584 788 1636 metro
809 1576 886 1653 apud
909 1584 1009 1653 poetas
1033 1580 1097 1650 regi
1120 1580 1185 1636 exi*

143 1664 279 1714 stumeut.
321 1656 449 1716 Sensum
475 1662 553 1718 enim
581 1670 608 1718 et
629 1661 798 1734 consilium,
828 1681 886 1735 quo
912 1660 1042 1736 quidque
1064 1663 1184 1730 dicatur,

143 1759 220 1812 qrrao
240 1747 318 1800 recta
339 1749 367 1799 et
388 1753 455 1814 epta
475 1745 513 1800 sit
531 1745 684 1800 verborum
705 1743 864 1820 collocatio,
883 1755 1043 1804 monstrare
1063 1745 1182 1802 debere:

142 1832 249 1898 poetae
269 1825 339 1882 boui
357 1824 432 1883 illud
454 1845 527 1897 esse,
549 1845 583 1882 ea
598 1825 707 1899 eligere
723 1827 822 1902 verbo,
843 1847 919 1900 quae
933 1831 985 1898 sic,
1006 1837 1036 1884 nt
1053 1826 1185 1898 debeant,

142 1905 275 1967 ordinati
296 1909 357 1967 sina
380 1910 465 1968 metri
486 1906 658 1966 detrimento
679 1909 802 1987 possint.
845 1907 894 1969 Cf.
917 1907 1048 1969 eiusdem
1069 1909 1185 1972 subotae

142 2009 171 2051 γ’
200 1996 291 2050 ¹36⁷·
306 2066 437 2125 Kdttaor'
460 2067 528 2145 ἀνὴρ
546 2064 585 2132 εἷς
602 2072 633 2126 ἕν
648 2089 681 2142 γε
700 2078 758 2133 ταῖς
778 2065 877 2140 &dimi
894 2075 1026 2144 teupulo,

140 2211 198 2268 qrro
224 2196 256 2252 iu
281 2193 346 2252 loco
370 2196 425 2252 etsi
447 2196 603 2269 aptissume
626 2192 829 2276 couiupgeuda
850 2203 918 2252 suut
939 2193 1029 2253 rerba
1053 2187 1088 2254 ἐν
1109 2193 1183 2266 ταῖς

143 2271 281 2361 Θήβαις,
305 2297 340 2336 eo
362 2285 458 2336 tamen
473 2278 543 2350 loeo
563 2281 656 2354 posita
677 2278 817 2354 particula
838 2274 875 2359 γὲ
897 2286 956 2353 est,
978 2285 1011 2336 ut
1030 2278 1183 2356 praeposi·

139 2363 225 2420 tionis
246 2365 291 2420 ris
312 2362 412 2436 paullo
434 2365 526 2436 magis
547 2372 664 2423 exstare
683 2363 832 2436 uideatur,
857 2381 946 2436 qnam
967 2369 1062 2422 cetera
1081 2361 1182 2431 verba,

139 2462 215 2516 quac
246 2445 282 2503 ad
311 2445 435 2504 eundem
467 2449 629 2505 sententiae
658 2447 846 2522 complexum
875 2448 1032 2520 pertinent.
1074 2441 1182 2516 Neque

140 2529 220 2584 euim
239 2527 326 2604 aliam
346 2531 382 2587 ob
401 2549 534 2589 caussam
558 2531 649 2587 ullam
672 2521 730 2588 uisi
750 2532 787 2587 ob
802 2533 895 2604 ipsam
910 2529 1084 2586 senteutiam
1097 2525 1181 2584 Plelo

139 2612 256 2684 scripsit
271 2614 301 2668 iu
316 2617 474 2687 Protuporu
486 2611 564 2671 l‘art.
577 2609 601 2669 l.
614 2613 672 2670 vol.
684 2611 708 2668 l.
720 2633 749 2686 p.
762 2617 834 2670 241.
847 2611 894 2669 ed.
907 2609 1008 2668 Bekk.
1021 2632 1051 2683 p.
1065 2611 1135 2666 ³58.
1147 2605 1181 2665 G.

139 2693 186 2752 ed.
209 2691 251 2756 H.
274 2691 377 2768 S'teph.
413 2685 517 2756 ’Άλλο
539 2717 571 2755 τι
594 2683 664 2761 οὖν,
688 2687 771 2776 ἔφην
794 2687 875 2770 ἐγώ,
898 2687 956 2754 ἐπὶ
977 2712 1013 2771 γε
1034 2686 1075 2752 τὰ
1097 2685 1183 2750 κακὰ

140 2771 250 2850 aridulo
278 2771 360 2840 ἓκιὺν
386 2771 518 2860 ἔρχεται
544 2768 621 2839 οὐδὲ
646 2772 703 2838 ἐπὶ
726 2771 748 2838 ll
773 2768 880 2836 ul'crao
901 2765 986 2835 εἶναι
1008 2767 1093 2834 κακὰ
1117 2765 1181 2832 acl.

24 2911 26 2918 .
140 2859 218 2919 Nam
239 2855 564 2934 praepositionems'usl
585 2861 618 2918 in
642 2879 677 2917 eo
701 2859 764 2918 loco
787 2857 1045 2917 uousiuenuaiore
1058 2855 1181 2930 qrradam

140 2946 171 3003 ri
193 2943 249 3000 dici
264 2951 392 3017 ‘apparet
413 2945 499 3002 etiam
521 2964 561 3002 ex
580 2965 625 3016 eo,
648 2943 726 3016 quod
746 2951 847 3020 postea
868 2941 971 2999 dicitnr
989 2931 1050 3016 ἐπὶ
1068 2934 1099 3013 o‘r',
1121 2959 1181 2996 nou

141 3018 196 3108 ἐφ’
221 3018 254 3087 c‘t'.
299 3025 345 3085 cf.
374 3024 504 3086 l'latouis
530 3027 634 3086 Plrucrl.
664 3021 740 3085 Part.
764 3024 806 3085 ll.
834 3025 890 3084 rol.
912 3021 967 3082 lll.
998 3045 1029 3100 p.
1051 3028 1102 3082 28.
1134 3021 1178 3082 ed.

138 3095 237 3168 Bekl.
258 3133 287 3186 p.
311 3113 359 3168 69.
383 3109 423 3168 D.
445 3111 491 3169 ed.
513 3109 552 3169 H.
576 3107 680 3186 steph.
715 3097 759 3172 ὧν
788 3103 827 3193 δὴ
856 3103 912 3172 καί
940 3104 1004 3190 ἐγὼ
1032 3099 1116 3170 κατά
1142 3127 1179 3192 γε

97 3235 99 3239 -
137 3188 174 3260 τὸ
197 3187 333 3256 δυνατὸν
355 3187 449 3257 οὐδὲν
471 3185 636 3258 ἀπέλιπον
658 3187 691 3256 e'r
712 3195 758 3278 τῷ
771 3185 849 3277 βίῳ.

220 3273 254 3335 Si
278 3277 402 3353 denique
430 3277 616 3338 antecedente
639 3281 855 3354 praepositione
878 3275 1029 3334 articulum
1050 3277 1127 3334 iuter
1149 3281 1178 3331 et

137 3381 245 3420 nomen
270 3363 481 3421 substantivum
511 3365 631 3438 ponitur
658 3359 695 3443 ys?
722 3361 878 3437 particula,
906 3357 978 3417 haec
999 3359 1117 3432 qnidam
1143 3355 1180 3413 sd

137 3467 222 3504 omna
242 3443 297 3503 lroc
318 3447 499 3503 enuntiatum
524 3448 659 3519 pertinet,
680 3446 731 3502 sed
753 3454 855 3502 tamen
872 3443 917 3499 sis
939 3443 1066 3498 nominis
1085 3440 1179 3512 magis

138 3541 225 3606 quum
250 3529 477 3604 praepositionis
500 3527 644 3584 iudicatur
665 3525 823 3600 particulae
851 3523 1037 3604 collocatione
1059 3530 1086 3580 et
1108 3523 1179 3580 arti·

139 3614 196 3672 cnli
223 3614 340 3688 quidem
368 3629 431 3666 cum
461 3611 580 3666 nomine
609 3611 771 3681 coniuncti,
801 3605 892 3664 veluti
914 3608 945 3662 iu
968 3603 1178 3664 Demosthenis

138 3700 270 3756 oratioue
293 3699 430 3772 Leptinen
453 3694 481 3763 ς.
496 3692 546 3748 25.
568 3689 614 3748 ed.
627 3671 726 3748 Bello.
742 3712 770 3765 p.
785 3691 857 3748 464.
874 3689 919 3747 ed.
934 3687 1039 3749 Reisk.
1058 3689 1177 3747 dicitur:
1197 3727 1207 3739 .

141 3776 208 3842 Kal
228 3775 293 3861 μὴν
314 3771 393 3858 περὶ
415 3774 472 3837 τοῦ
495 3793 531 3854 ye
551 3768 596 3856 μὴ
620 3761 714 3850 alvea
724 3765 878 3854 χρήματα
900 3768 993 3833 κοινὰ
1014 3771 1055 3853 τῇ
1079 3764 1179 3830 πόλει

139 3859 246 3928 ἐκεῖνο
268 3851 351 3940 ὑμᾶς
372 3856 423 3922 δεῖ
444 3857 592 3922 σκοπεῖν.
615 3862 645 3914 et
664 3857 696 3914 iu
720 3855 821 3913 cadem
842 3857 972 3912 oratioue
994 3858 1021 3925 §.
1043 3857 1112 3910 119.
1132 3853 1179 3912 ed.

140 3944 240 4006 Beki.
271 3966 299 4019 p.
329 3947 400 4002 490.
426 3943 471 4002 ed.
500 3939 604 4000 Reisk.
641 3933 708 4000 Καὶ
739 3931 803 4020 μὴν
836 3931 916 4014 περὶ
943 3937 1001 3997 τοῦ
1029 3956 1065 4016 γε
1092 3931 1179 4016 μηδὲ

145 4021 313 4110 Θηβαίους
332 4022 457 4111 μηδένα
478 4024 575 4103 τιμᾶν
597 4015 679 4095 aad,
707 4041 794 4098 quem
820 4018 992 4078 admodum
1014 4027 1092 4078 recte
1115 4039 1179 4080 cum

142 4111 181 4192 G.
214 4109 369 4172 Dindorlio
402 4109 578 4182 Schaelerus
613 4107 708 4170 locum
746 4127 786 4168 ax
821 4114 1003 4194 optumarum
1037 4106 1178 4164 librorum
