2844 4596
274 241 340 310 oto
459 329 467 338 ι
560 285 570 292 .
747 209 833 302 ιιι.

278 403 373 494 plna
389 403 475 489 τῷδε
496 399 543 488 τῷ
560 397 660 486 ξένιμ,
684 401 826 463 maluisse
849 397 925 458 hanc
945 401 1095 460 notionem
1118 401 1161 458 ita
1179 397 1325 472 dividere,
1405 461 1406 470 ἦ

279 501 312 551 ut
342 491 464 564 singulis
488 489 634 548 enuntiati
654 489 792 546 membris
813 485 924 559 aliquid
947 487 1072 568 istorum
1091 485 1255 544 verborum
1278 481 1330 540 ud.
1405 529 1406 536 ,

282 577 422 634 tribueret
444 581 471 632 et
493 573 620 630 diceretz'

540 702 638 768 ἔκβαθι
656 661 919 770 rpoc‘rsinpoptna
938 699 975 765 τῷ
992 699 1069 766 ξένῳ.

282 847 341 902 qna
361 826 513 884 verborum
535 823 723 881 collocatione
743 815 827 900 τῷδε
847 821 1011 880 necessario
1032 817 1214 878 adhaerescit
1231 820 1325 892 priori

281 912 465 983 imperativo,
499 906 544 988 τῷ
581 901 661 985 ξένῳ
694 911 790 960 erstem
824 904 989 976 posteriori,
1020 904 1061 960 ita
1089 910 1199 974 tamen,
1232 911 1267 959 ut
1299 911 1326 960 et

282 991 368 1075 τῷδε
400 1000 428 1050 et
464 989 510 1070 τῷ
546 984 625 1069 ξένῳ
657 985 692 1044 ad
720 985 841 1043 eandem
867 1006 1021 1059 personam
1052 987 1224 1058 pertineret.
1279 983 1327 1043 Sic

284 1097 385 1149 saepe
402 1084 430 1131 et
451 1071 554 1129 Latini
582 1073 737 1143 scriptores
760 1076 788 1126 et
809 1067 914 1126 Gracci
936 1071 1097 1126 orationem
1120 1071 1326 1130 instituerunt.

284 1159 333 1217 Dc
361 1157 480 1216 Graecis
507 1157 566 1212 iam
594 1153 663 1210 olim
692 1154 775 1226 posui
801 1151 928 1209 Lirciani
958 1153 1072 1210 Gallum
1103 1155 1163 1209 siue
1184 1157 1327 1209 σοιιιαλιαιι

178 1241 182 1248 '
245 1265 247 1274 ’
285 1247 313 1314 §.
344 1248 374 1300 3.
413 1227 687 1318 ὡςἍλειιιρνών
714 1247 775 1308 τις·
793 1232 962 1308 νεανίσκος
987 1229 1086 1316 φίλος
1114 1231 1247 1317 γένοιτο
1279 1235 1332 1317 σφ’

277 1318 374 1404 Ἄρει
407 1317 462 1383 καί
494 1313 654 1394 συμπίνοι
684 1317 730 1398 τῷ
754 1318 853 1400 θεῷ,
887 1319 1000 1392 quoin
1026 1317 1090 1374 loco
1114 1319 1166 1390 qni
1188 1320 1328 1390 coniungi

122 1441 129 1450 x
196 1467 199 1470 ,
285 1395 496 1484 ροιιιίιἌρης
516 1394 616 1474 θεός,
636 1399 745 1463 ‚divisis
765 1402 888 1475 singulis
910 1402 1077 1460 notionibus
1097 1403 1211 1475 positus
1234 1405 1330 1461 estin

285 1486 420 1562 ntroquc'
442 1485 583 1544 enuntiati
616 1485 757 1544 membro.
812 1483 997 1562 Quamquam
1030 1505 1091 1557 non
1122 1504 1204 1558 nego
1235 1489 1329 1560 aptius

287 1574 452 1630 coniunctas
473 1587 538 1626 esse
557 1569 630 1624 istas
651 1569 787 1626 notiones
808 1567 893 1649 τῷδε
914 1600 955 1610 -
976 1568 1023 1651 τῷ
1046 1563 1144 1648 ξένῳ,
1169 1589 1263 1642 quem
1284 1569 1330 1628 hic

287 1650 441 1736 ιῷἍρει
474 1685 511 1694 -
546 1649 592 1730 τῷ
612 1649 696 1732 θεῷ.
746 1648 807 1708 seu
838 1671 872 1707 eo
905 1657 1001 1708 tamen
1033 1649 1120 1707 modo
1154 1659 1227 1710 nata
1259 1651 1329 1710 haec

287 1739 362 1794 ratio
385 1731 499 1792 dicendi
520 1730 644 1792 videtur.

369 1821 406 1891 lo
433 1829 582 1905 Aeschyli
610 1831 779 1890 Prometheo
807 1851 836 1890 v.
865 1833 917 1896 51.
951 1830 1144 1908 explicando,
1178 1833 1234 1892 ubi
1255 1839 1332 1907 post-

289 1939 374 1995 quam
396 1915 498 1976 (iratos
522 1913 593 2000 haec
613 1913 705 1972 dixit:

432 2067 439 2079 ·
479 2041 595 2098 “Ancrr'
619 2040 744 2114 ἐπράχθη
759 2040 830 2112 πλὴν
845 2049 936 2097 θεοῖσι
953 2050 1100 2113 κοιρανεῖν.

491 2108 634 2196 ἐλεύθερος
650 2110 705 2184 γὰρ
723 2105 797 2172 οὔτις
811 2113 868 2166 ἐστὶ
883 2108 955 2178 πλὴν
971 2108 1045 2171 Διός.

289 2234 445 2310 respondet
464 2223 667 2309 Hephaes'tus:

429 2361 434 2374 ’
509 2358 637 2432 Ἔγνωκα
656 2363 750 2418 τοῖσιλε
768 2361 868 2418 κούδὲν
884 2360 1024 2418 ἀντειπεῖν
1041 2363 1103 2433 ἔχω.

255 2486 258 2489 ’
290 2503 325 2543 eo
345 2486 438 2558 magis
463 2505 525 2543 curn
547 2487 610 2545 viro
634 2487 810 2544 doctissumo
832 2487 1000 2560 consentio,
1028 2487 1097 2559 quia
1121 2483 1231 2542 eodem
1253 2506 1340 2559 pror·

183 2597 184 2604 ¹
290 2587 339 2629 sus
361 2565 465 2643 inodo,
489 2591 547 2644 quo
569 2591 645 2627 nunc
666 2571 736 2645 ille,
756 2573 812 2630 iarn
836 2569 857 2626 l.
880 2569 902 2627 l.
926 2589 1029 2626 novem
1051 2566 1158 2626 abhinc
1180 2589 1283 2645 annos
1309 2590 1345 2627 ea

276 2645 379 2712 ‘verba
403 2654 610 2727 interpretatus
639 2674 718 2727 surn,
751 2653 885 2710 adiuncto
914 2659 1033 2726 propter
1057 2653 1186 2710 dativum
1211 2651 1343 2719 τοῖσδε,

291 2737 340 2809 qui
362 2738 488 2808 pertinet
509 2736 687 2794 adverbum
712 2729 837 2816 ἔγνωκα
857 2739 969 2808 potius,
992 2756 1079 2808 quarn
1099 2733 1135 2792 od
1157 2735 1237 2792 illud
1260 2735 1344 2808 qnod

290 2821 422 2890 sequitur
448 2820 618 2878 vocabulum
645 2811 839 2888 ολνσειπεῖνμ
861 2816 1043 2894 Thucydidis
1074 2819 1200 2890 loco,de
1236 2819 1294 2876 lib.
1319 2817 1343 2876 l.

293 2895 354 2974 cap.
378 2907 410 2959 8.
441 2899 642 2980 γνωσθέντας
660 2903 701 2986 τῇ
725 2901 827 2986 σκευῇ
848 2902 914 2963 σῶν
934 2897 1049 2962 ὅπλων
1070 2897 1344 2984 ξὀνιεέλαμμένῃ.

182 3033 185 3045 ,
291 2981 394 3056 Itaque
422 2982 499 3040 hunc
520 3005 635 3058 quoque
656 2986 749 3042 locum
772 2994 850 3043 recte
871 3003 975 3043 censeo
997 3003 1014 3041 a
1035 2981 1079 3042 M.
1102 2981 1240 3056 Hauptio
1266 2988 1346 3043 reic-

292 3073 368 3122 ctum
390 3085 463 3123 esse.
506 3063 569 3124 Nec
591 3070 687 3126 minus
708 3066 783 3128 mihi
803 3067 985 3142 probandum
1008 3069 1070 3126 eius
1091 3067 1238 3126 iudicium
1260 3068 1347 3128 vide·

292 3153 339 3204 tur
369 3149 401 3204 in
433 3145 643 3223 Aristophanis
673 3162 762 3212 versu
789 3151 825 3210 de
860 3156 934 3210 Ρασο
964 3153 1035 3210 417.
1061 3151 1260 3228 explicando,
1298 3154 1349 3210 ubi

293 3225 364 3288 haec
382 3231 539 3304 'legunturs

430 3362 488 3444 {Vol
506 3359 546 3426 μὰ
562 3364 625 3445 Δία.
644 3359 714 3445 πρὸς
729 3360 817 3430 ταῦτ’,
835 3351 857 3416 ὦ
876 3361 935 3432 φίλ’
954 3361 1047 3435 Ἑρμῆ,
1065 3359 1181 3430 ξύλλαβε

430 3435 500 3498 ημῖν
516 3437 669 3502 προθυμως
686 3433 765 3498 corde
782 3434 830 3485 καλ
847 3433 1040 3500 ξυνέλκυσον,

272 3571 353 3624 =qno
373 3550 406 3608 in
428 3549 490 3608 loco
513 3543 610 3634 τήνδε
633 3551 669 3611 ad
690 3545 846 3634 ξύλλαβε,
875 3574 936 3611 non
958 3551 995 3618 ad
1018 3548 1215 3628 ξονὲλιιοσον
1239 3575 1349 3616 neces-

295 3635 372 3691 sario
394 3636 529 3706 pertinet.
1235 3667 1240 3678 -

373 3729 411 3789 ln
441 3720 563 3810 reliquis
589 3731 659 3794 locis
681 3735 861 3810 explicandis
882 3757 941 3794 uno
964 3731 1134 3808 Sophoclis,
1152 3757 1228 3794 uno
1255 3741 1351 3798 etiam

292 3811 455 3890 Euripidis,
473 3837 530 3873 uno
548 3816 674 3892 denique
687 3817 896 3894 Aristophanis
915 3839 1012 3876 meum
1026 3818 1163 3876 iudicinrn
1181 3839 1200 3875 a
1221 3831 1352 3880 senten·

293 3899 332 3954 tia
365 3895 489 3972 Hauptii
523 3899 675 3977 discrepat.
719 3902 758 3960 Et
789 3905 822 3962 in
855 3899 1012 3977 Sophoclis
1041 3900 1159 3974 quidem
1188 3922 1286 3964 versu
1312 3926 1352 3964 ex

291 3974 437 4118 ‘Affim
458 4001 486 4040 r.
509 3985 582 4045 718.
602 3982 801 4046 cnssrusck.
821 3985 907 4044 oredo
931 4006 987 4062 ego
1010 4005 1088 4048 nunc
1108 3986 1268 4060 scripsisse
1293 3987 1352 4050 So-

227 4089 230 4095 ·
294 4073 528 4136 pocemautr
632 4132 635 4142 ,
