2922 4586
325 251 328 256 Ἴ
440 268 857 355 ρέ,γὲτοι,γοῠπ
1108 273 1174 342 328
1292 356 1298 368 .

108 435 349 526 ’ἐχθροὺς-δεῖ
369 431 540 519 βλάπτειν,
563 459 621 516 quo
644 441 742 502 minus
765 437 913 500 rideretur
934 439 1005 502 lroeo
1026 453 1085 504 nna
1109 461 1174 504 soso

130 528 292 599 sententio,
319 532 417 584 tomen
438 523 523 584 oredo
545 533 655 588 ceteros
676 525 791 583 criticos
812 526 871 599 ita,
892 545 979 598 qoem
1000 527 1037 584 od
1057 527 1174 588 modom

132 603 194 669 nos¹
216 611 366 684 posuimus
393 609 498 684 verbo,
526 617 603 676 recte
626 606 763 684 edidisse.
805 605 953 682 ltnprior
976 612 1115 683 particula
1136 611 1174 692 ad
1203 661 1208 669 .

135 690 191 756 καὶ
212 685 299 755 πάνθ
321 695 448 766 pertinet
471 701 499 750 et
519 690 555 751 de
577 693 712 750 universa
733 713 765 750 ro
784 690 954 767 adseverat,
980 691 1069 752 altera
1090 695 1175 754 aliast

134 775 293 852 singularia
314 772 402 834 haec:
424 769 501 848 τοὺς
522 767 690 857 πονηρούς
710 795 746 838 τε
770 771 826 837 καί
848 770 1001 859 ἐχθρούς.
1038 773 1084 834 Gi.
1099 780 1176 837 eius·

134 851 200 919 dein
232 861 334 934 scripti
365 859 417 916 lib.
446 856 512 916 ΠΙ.
535 858 564 934 p'.
596 864 666 916 113.
699 858 744 918 ed.
772 855 873 918 Beki.
903 881 932 934 p.
961 863 1032 919 389.
1062 858 1099 918 D.
1128 860 1174 920 ed.

132 943 173 1002 H.
195 940 298 1017 Steph.
325 934 400 1004 ’Eois
420 963 471 1023 γε,
493 929 515 1026 ἧ
538 934 568 1004 d'
593 937 647 1017 ὃς,
670 935 730 1004 ἐπί
749 963 786 1022 ya
808 935 896 1025 λόγῳ
921 935 1001 1024 ἔργα
1022 940 1178 1030 salcisno,

130 1029 181 1086 nbi
211 1029 294 1100 prins
323 1023 360 1107 γὲ
381 1025 581 1084 condicionem
604 1045 638 1085 eo
661 1045 719 1100 quo
741 1045 828 1099 supra
849 1025 1059 1085 declaravimus
1081 1027 1178 1103 modo,

132 1112 253 1169 alterum
282 1131 384 1170 vocem
411 1104 468 1172 ἐπὶ
497 1103 585 1190 λόγω
615 1109 710 1168 effert.
759 1107 840 1168 ldern
870 1111 1105 1169 existumandom
1132 1119 1178 1171 est

127 1195 170 1254 ‘de
194 1192 405 1269 Xenophontis
431 1193 495 1251 loco
517 1195 692 1270 Disciplinoc
714 1193 781 1266 Gyri
806 1194 858 1252 lib.
879 1190 921 1251 ll.
950 1213 1012 1268 cap.
1036 1203 1065 1251 2.
1094 1199 1122 1267 §.
1147 1201 1177 1253 3.

131 1273 197 1340 Μὰ
217 1268 288 1351 Δί’,
319 1271 400 1362 ἔφη,
430 1273 534 1338 τῶνδε
562 1273 624 1357 μὲν
651 1268 747 1340 οὐδὲν
763 1269 849 1340 licon
872 1269 973 1352 ἐστίν,
1003 1270 1038 1340 εἴ
1053 1299 1089 1359 yc
1111 1268 1175 1362 ἀφ’

129 1355 224 1444 ἡμῶν
251 1381 287 1440 γε
315 1361 381 1423 τῶν
409 1351 444 1423 ἓν
469 1356 561 1444 μέσῳ
584 1351 693 1434 οὐδεὶς
715 1349 878 1423 οὐδέποτε
899 1350 1060 1444 doleant„
1090 1371 1177 1436 qoem

129 1445 168 1504 nd
197 1444 318 1512 modurn
342 1443 420 1503 hunc
445 1442 540 1502 locum
562 1442 705 1504 Ernestns
725 1442 830 1520 Poppo
858 1447 1004 1504 constitnit
1030 1466 1069 1505 ex
1092 1445 1178 1508 libri!

132 1525 233 1588 Gueli.
252 1527 356 1606 Paris.¹
372 1527 413 1587 A.
427 1525 465 1586 Β.
489 1527 603 1588 Altorf.
643 1527 693 1588 De
718 1527 820 1587 eodem
838 1526 1049 1604 Xenophontis
1068 1534 1177 1606 scripto

47 1604 53 1612 “
134 1611 173 1668 ot.
201 1611 253 1668 lib.
276 1609 316 1672 11.
342 1633 406 1687 cap.
435 1618 465 1670 3.
494 1615 522 1684 §.
552 1615 603 1670 24.
641 1606 707 1674 Μὰ
737 1603 808 1686 Δί’,
841 1603 908 1694 ἔφη
939 1605 957 1673 ὁ
990 1609 1177 1694 ταξίαρχος,

133 1686 236 1794 μήτοι
257 1714 293 1793 pe
316 1689 349 1756 ἒν
370 1693 432 1777 μιᾷ
453 1713 489 1772 γε
509 1685 628 1778 ἡμέρᾳ.
653 1702 682 1753 et
701 1694 753 1752 lib.
767 1691 826 1753 lv.
849 1714 912 1770 cap.
927 1701 956 1754 3.
976 1701 1004 1770 §.
1021 1701 1069 1756 14.
1096 1695 1177 1780 Ὅρα

134 1797 200 1862 μην
218 1768 366 1854 penicord
387 1796 423 1858 γε
446 1770 485 1837 div
505 1796 555 1850 sce
576 1772 753 1860 φοβηθείη.
769 1769 835 1838 xci.

132 1863 133 1866 ’
220 1859 379 1918 Difficilior
403 1861 534 1932 quaestio
560 1866 681 1917 estnec
704 1879 739 1916 ea
763 1862 833 1918 satis
855 1857 947 1916 ndlrnc
972 1859 1099 1919 adactis
1126 1861 1178 1920 ex'·
1195 1876 1357 1925 noannoea-

135 1943 243 2024 plioata
270 1944 307 2002 de
334 1943 521 2002 collocatione
542 1943 701 2016 particulae
721 1937 777 2022 γε’,
808 1942 844 2002 de
867 1963 925 2016 qua
947 1944 1005 2001 iam
1028 1943 1180 2003 dicendnni
1196 1944 1267 1992 ⁶⁰³⁰
1281 1945 1358 2005 parci-

133 2027 263 2087 videtur.
304 2025 343 2085 Et
363 2029 488 2102 primum
508 2026 625 2100 quidem
647 2034 747 2084 notum
770 2032 824 2101 est,
846 2037 878 2084 nt
897 2033 1006 2085 ceteras
1025 2031 1179 2103 particulas
1212 2016 1286 2062 “⁸¹⁸⁰
1300 2013 1342 2077 ²¹5·
1450 2093 1452 2098 y

136 2112 299 2185 molitione,
321 2113 363 2169 sio
384 2113 471 2169 etiam
492 2111 663 2185 particulam
687 2105 724 2190 γὲ
745 2112 773 2169 ei
794 2112 876 2184 voci,
899 2113 978 2170 ossius
1000 2114 1060 2170 sim
1081 2119 1178 2190 auget,

134 2194 365 2271 postponendam
389 2213 461 2254 esse.
503 2191 569 2254 Nec
591 2193 623 2252 id
649 2193 744 2256 solnm
765 2192 803 2252 ad
824 2195 986 2270 simplicem
1009 2199 1178 2270 particulam

132 2283 277 2354 pertinet,
303 2299 406 2339 verum
429 2280 534 2354 etiam,
557 2297 644 2352 qnam
665 2275 702 2336 ad
726 2277 841 2338 modum
861 2279 948 2338 modo
970 2280 1113 2358 vidimus,
1141 2282 1179 2343 od

132 2367 296 2438 repetitam.
338 2361 469 2421 Nomia
493 2381 528 2422 eo
550 2361 624 2440 loco,
648 2363 847 2438 quem'snpra
868 2365 1021 2450 posuimus
1042 2385 1083 2426 ex
1104 2363 1177 2428 Ari-

135 2445 286 2523 stophanis
305 2447 481 2506 Aclcnrncos.
502 2468 531 2509 v.
554 2452 605 2505 93.
653 2505 655 2512 ,

441 2565 443 2572 .
710 2521 856 2590 'Ennianus‘
870 2543 903 2592 γε

328 2587 421 2664 Κόραξ
439 2588 560 2652 πατάξας
578 2587 674 2660 τόνγε
692 2590 743 2647 σὸν
760 2595 808 2647 τοῦ
826 2597 985 2662 πρέσβεως.,

137 2713 197 2763 non
219 2706 281 2762 sine
303 2725 403 2763 caussa
424 2707 548 2779 primum
571 2703 711 2778 particula
733 2699 771 2782 ple*
791 2709 858 2776 post
881 2694 1054 2784 ἑκκόψειε,
1078 2703 1182 2764 deiude

139 2789 176 2848 ad
207 2791 296 2846 uerba
325 2784 381 2849 τὸν
411 2783 470 2848 σὸν
497 2785 556 2848 τοῦ
586 2785 759 2868 πρέσβεως
787 2787 881 2859 posito
913 2793 965 2843 est.
1017 2785 1076 2848 His
1102 2791 1182 2847 enim

140 2873 330 2946 potissumum
353 2871 467 2938 uerbis,
489 2877 521 2926 ut
541 2865 685 2946 vidimus,
707 2868 792 2927 debet
811 2871 870 2926 vim
892 2867 1008 2928 addere.
1050 2869 1090 2931 Et
1111 2870 1183 2932 haec

140 2953 258 3029 quidem
280 2973 327 3010 res
349 2952 543 3026 explicatione
563 2971 623 3010 non
641 2960 716 3026 eget.
757 2950 877 3012 Deinde
889 2953 1029 3028 particula
1042 2953 1078 3036 γὲ
1093 2960 1182 3017 etiam

80 3025 86 3036 ⁸
139 3039 271 3113 pluribus
294 3037 407 3111 verbis,
436 3055 510 3109 quae
533 3055 621 3093 unam
643 3037 727 3110 quasi
747 3055 850 3095 vocem
871 3035 1011 3114 efficiant,
1039 3041 1080 3098 ita
1100 3051 1181 3118 post,-

134 3123 268 3196 pouitnr,
290 3130 320 3179 ut
344 3121 379 3177 ad
401 3119 513 3177 nullum
535 3123 599 3179 sios
620 3123 700 3180 vocis
721 3122 842 3180 verbnm
863 3123 1013 3199 singulare
1033 3131 1181 3200 pertinere

136 3205 279 3265 videatur.
323 3202 414 3263 Cuius
442 3205 485 3262 rei
511 3201 695 3280 Hartungins
720 3205 741 3267 l.
765 3205 790 3264 l.
818 3207 877 3266 vol.
904 3205 930 3268 l.
957 3230 988 3284 p.
1010 3212 1083 3276 414.
1110 3211 1182 3274 lonso

137 3291 236 3366 posnit
256 3287 393 3362 exempla
412 3285 626 3364 Aristophanis
645 3291 720 3348 Plot.
745 3309 774 3349 v.
797 3296 848 3348 21.

286 3407 325 3464 Οὐ
340 3405 399 3483 γάρ
412 3427 449 3478 με
468 3407 609 3478 τυπτήσεις
626 3391 811 3482 στ’έφπνον
829 3407 955 3480 ἔχοντά
975 3429 1040 3480 ys,

139 3545 198 3599 qno
219 3526 252 3582 in
272 3543 360 3583 versu
384 3515 525 3594 particula
546 3517 582 3600 γὲ
604 3524 648 3578 ita
669 3524 798 3594 pertinet
821 3520 866 3596 ad⁸
878 3523 1078 3598 participium,
1106 3524 1183 3601 qnod

140 3610 265 3686 excipit,
292 3615 324 3664 ut
353 3603 384 3663 id
413 3611 509 3659 tamen
534 3602 668 3675 intellegi
694 3623 754 3659 non
776 3605 889 3677 possit,
917 3606 975 3666 nisi
997 3609 1092 3680 aptius
1114 3630 1183 3669 con·

141 3694 245 3768 iungas
269 3712 332 3750 cum
355 3708 408 3761 eo,
438 3683 516 3759 qnod
536 3683 700 3758 praecedit,
730 3687 848 3746 nomine
870 3681 1042 3770 στέφανον.
1086 3691 1183 3770 Quam
1232 3713 1235 3724 ¹

139 3779 177 3836 ob
200 3797 263 3835 rem
286 3791 400 3832 omnem
425 3769 553 3842 deniqne
575 3766 650 3824 hano
674 3787 772 3826 vocem
795 3765 958 3852 στέφανον
980 3763 1184 3848 ilgowd'par-

139 3860 229 3920 cicula
255 3855 291 3939 γὲ
320 3856 433 3916 videtur
458 3851 572 3912 efferre
614 3848 752 3909 Praetsra
773 3854 872 3923 posuit
892 3851 1077 3927 Harmngius
1098 3853 1184 3916 Enri-

138 3943 218 4020 pidis
239 3943 409 4018 lplcipcoicsc,
431 3957 503 4016 qnos
524 3943 565 3994 nst
585 3935 697 4006 Aulide,
719 3955 748 3994 v.
768 3936 832 3993 746
853 3954 899 4008 sq.

260 4058 394 4148 'tlpcocdi
414 4052 622 4143 σῦνηΚάλχπνπ
641 4058 678 4144 spi
695 4048 849 4143 lvtffllt’„
906 4121 914 4143 ,

223 4177 229 4186 .
257 4149 293 4183 sa
314 4129 667 4198 coriscumll‘nvy,
689 4125 789 4195 dpol‘d
819 4126 1073 4256 ⁰⁰²⁸’2'flff‘m'
1163 4147 1172 4160 ·=
