2916 4590
289 240 353 308 1⁰0
782 229 841 304 dn.

295 439 297 452 =
375 399 408 471 l’.
436 414 485 470 26.
533 406 603 472 Non
630 405 753 469 debebat
782 405 946 481 Devarius,
981 412 1134 482 postquam
1163 399 1331 466 rectissume

281 516 392 557 -ccrunr
423 496 617 568 sententiam,
648 494 699 567 qui
727 492 900 566 particulam
928 481 971 552 tto
998 493 1076 549 inter
1105 489 1269 565 expletivae
1298 509 1331 548 ac

290 599 516 656 supervacaneas
536 575 692 652 particulas
708 574 893 634 referendam
914 593 976 635 esse
995 572 1142 648 dixerant,
1159 573 1331 648 confutavit,

290 663 454 732 concedere,
478 682 539 720 non
561 679 711 734 uunquam
732 666 828 732 tamen
847 657 1006 733 particulas
1026 657 1112 732 apud¹
1124 659 1281 732 scriptores
1301 664 1331 715 et
1371 668 1375 676 ’

288 749 423 822 inprimis
443 753 555 820 poetas,
579 752 698 802 ornatus
721 745 783 808 sive
804 744 890 802 metri
906 743 1010 819 gratia,
1033 761 1085 800 sna
1099 741 1222 800 nudatas
1237 741 1329 816 sigui·

287 833 423 892 ficatione
443 830 543 904 accipi.
587 826 676 906 Quod
695 847 751 888 nea
770 826 838 885 ficri
858 845 1031 902 perrarum
1047 831 1180 884 naturam
1191 843 1329 900 umquam

287 917 384 990 potnit
415 906 512 986 necue
539 911 646 972 factum
672 917 717 970 est
742 930 875 985 usquam.
917 906 1002 970 Nihil
1029 909 1107 976 enim
1134 929 1172 968 ue
1199 927 1217 966 a
1242 914 1329 982 p'oetc
1421 977 1426 984 1

289 997 407 1072 quidem
439 999 535 1070 potuit
563 994 641 1070 dici,
673 993 752 1069 qnod
782 994 895 1052 nnllam
921 991 1043 1052 baberet
1073 990 1327 1066 significationem.

287 1081 355 1160 Qua
375 1079 411 1138 dc
432 1097 464 1138 re
484 1087 584 1146 nostra
603 1085 696 1136 aetate
716 1098 776 1136 nou
797 1078 920 1152 amplius
941 1075 1094 1136 dicendum
1117 1085 1169 1136 est.
1190 1103 1193 1110 ⁴
1213 1071 1259 1134 Cl'.
1286 1069 1325 1134 G.
1382 1128 1385 1140 ‚

286 1159 476 1226 Hermanuus
497 1162 535 1220 ad
555 1155 702 1236 Viget-clu
725 1183 754 1236 p.
776 1165 838 1220 814
860 1181 907 1236 sq.
930 1159 976 1220 ed.
999 1168 1063 1220 tert.
1345 1207 1347 1210 .

359 1244 459 1326 ¹Quod
476 1245 623 1306 Devarius
644 1245 719 1304 dixit
738 1267 768 1320 p.
791 1251 832 1306 26
851 1253 991 1320 extrema,
1014 1233 1244 1318 depactionum
1265 1261 1326 1300 om·
1373 1256 1379 1259 ·

284 1324 372 1390 nibus
398 1327 492 1388 modis
522 1329 687 1390 verbalibus
712 1331 815 1406 iungi,
843 1349 902 1387 uno
927 1329 1103 1402 imperativo
1127 1334 1268 1400 excepto,
1294 1321 1327 1383 id

285 1416 343 1476 etsi
372 1432 467 1488 nuper
493 1411 529 1471 do
557 1413 730 1488 imperativo
759 1411 877 1488 quidem
907 1411 1105 1472 addubitatum
1126 1416 1178 1474 eat¹
1194 1410 1229 1468 ab
1248 1405 1327 1468 Har·

284 1497 388 1572 congio
409 1495 470 1555 vol.
490 1493 583 1569 ll.-p.
606 1501 667 1554 312
689 1515 770 1572 sqq„
798 1504 895 1557 temen
918 1516 985 1556 mea
1008 1495 1153 1556 sententia
1175 1492 1327 1566 praecepit

285 1582 464 1640 rectissume.
504 1576 641 1652 Namque
669 1585 714 1636 ut·
730 1588 839 1638 taceam
867 1585 975 1642 tentam
997 1577 1123 1638 locorum
1142 1578 1326 1652 paucitatem,

264 1683 362 1740 ‘qnae
389 1657 438 1722 tuto
462 1660 559 1720 adlata
586 1669 647 1737 est,
674 1663 763 1720 etiam
788 1663 814 1722 si
839 1662 951 1738 singuli
976 1660 1035 1720 loci
1056 1659 1090 1718 lsi
1111 1679 1213 1718 omues
1233 1659 1326 1718 iniis

164 1747 169 1754 “
282 1745 385 1821 libris,
413 1747 517 1820 quibus
541 1743 631 1804 hodie
658 1753 821 1820 uteremur,
849 1747 889 1804 ita
910 1745 1010 1820 scripti
1029 1742 1223 1817 haberentur,
1249 1739 1327 1802 nihil

283 1849 373 1906 posse
398 1831 539 1905 probare,
569 1828 642 1888 adeo
670 1829 723 1903 qui
746 1828 835 1888 adlati
859 1829 916 1888 loci
942 1835 1011 1890 sunt
1032 1829 1085 1886 vix
1105 1827 1164 1886 ulla
1184 1826 1325 1885 librorum

284 1913 451 1971 auctoritate
470 1914 617 1992 nitunturp
633 1920 665 1969 ut
684 1912 831 1972 facillume
845 1913 991 1972 removeri
1003 1913 1128 1986 possint.
1170 1908 1232 1969 Sed
1246 1907 1325 1984 quod
1367 1977 1372 1992 ι

275 2003 329 2064 xest
356 1997 586 2072 gravissumum,
615 2003 721 2054 natura
745 1995 824 2054 modi
848 1996 1014 2069 imperativi
1036 1997 1102 2069 ipsa
1128 1993 1242 2053 videtur
1263 2013 1325 2068 nprr

283 2079 364 2138 serre
381 2077 552 2152 particulam
571 2100 620 2140 αν.
662 2076 783 2146 Etenim
803 2081 830 2137 si
852 2078 924 2152 quid
943 2080 1137 2154 praecipimus
1153 2080 1211 2137 istc
1228 2075 1325 2154 modo,

282 2182 345 2220 non
363 2164 472 2237 poterit
495 2161 527 2219 id
546 2164 656 2237 ipson,
686 2160 766 2236 quod
786 2163 979 2237 imperamus,
1008 2162 1044 2220 alt
1065 2162 1126 2220 ulla
1147 2161 1205 2220 alia
1227 2159 1326 2220 coadi-

284 2247 367 2304 oione
388 2265 559 2320 suspensum
580 2265 654 2305 esse.
696 2243 801 2320 Neque
821 2247 911 2320 cuim,
932 2247 959 2304 si
981 2243 1037 2305 lroc
1058 2255 1143 2321 esset,
1161 2247 1218 2304 isto
1238 2243 1325 2305 modo

283 2331 327 2388 uti
350 2347 517 2404 possemus,
538 2329 590 2404 qui
610 2338 714 2386 natura
736 2349 790 2388 sua
812 2330 996 2390 certissumus
1012 2329 1114 2390 modus
1133 2337 1193 2405 est,
1214 2338 1243 2390 et
1262 2330 1325 2389 vim

246 2483 249 2497 Ι
283 2432 318 2470 ac
336 2419 511 2486 potestatem
531 2431 613 2470 snam
627 2432 749 2486 prorsus
764 2415 914 2487 amitteret,
930 2415 961 2482 *si
979 2433 1034 2488 per
1052 2415 1140 2472 istam
1153 2413 1325 2488 particulam

284 2515 335 2570 ee,
366 2514 442 2568 quae
462 2496 641 2569 imperatur,
669 2497 743 2553 actio
765 2516 824 2553 non
845 2495 993 2556 videretur
1012 2499 1150 2572 imperari
1172 2517 1227 2572 por
1247 2515 1325 2572 sese,
1354 2519 1357 2524 ·

284 2578 336 2638 scd
356 2578 456 2652 aliqua
477 2579 644 2636 condicione
666 2576 781 2638 demum
805 2581 868 2638 loro
891 2579 1113 2656 significaretur.

291 2729 295 2735 ¹
367 2659 429 2720 Sed
448 2664 507 2720 iarn
526 2661 674 2722 videamus
695 2663 831 2738 exempla
848 2665 923 2737 ipsa,
943 2683 1019 2738 quac
1037 2661 1182 2738 adierunt,
1202 2669 1235 2719 ut
1249 2681 1323 2738 ram,

284 2765 359 2820 quae
383 2745 467 2804 nobis
488 2766 541 2825 per
564 2765 595 2804 sc
616 2739 771 2805 admodum
790 2748 990 2820 improbabilis
1004 2767 1069 2806 esse
1084 2745 1227 2820 videatur,
1247 2765 1325 2804 ccm-
1441 2751 1445 2766 ¹

282 2830 417 2902 prebent.
442 2826 491 2906 Ac
503 2831 630 2902 primum
642 2830 761 2903 quidem
774 2829 884 2888 adferri
899 2830 972 2890 solet
983 2827 1190 2904 Xenophontis
1201 2830 1324 2902 quidam

283 2913 363 2970 locus
389 2932 430 2969 ex
457 2913 642 2986 Erpediticuc
664 2915 728 2984 cort
755 2914 807 2972 lib.
828 2910 854 2971 1.
882 2934 945 2988 cap.
967 2916 996 2972 4.
1024 2919 1052 2984 ς.
1077 2920 1123 2988 8.,
1141 2907 1205 2973 ‘otii
1226 2911 1323 2990 Gyras

234 3035 239 3041 -
284 2988 349 3053 esus.
363 2994 441 3051 modi
457 2992 543 3052 luabet
556 2997 733 3052 oraticnem:
756 2983 861 3056 Ἀλλὰ
871 2991 919 3070 μὰ
932 2991 1011 3070 τοὺς
1025 2990 1129 3070 θεοὺς
1144 2986 1206 3058 οὐκ
1220 2987 1323 3076 ἔγωγε
1377 3021 1381 3026 ·

285 3068 406 3148 αὐτοὺς
428 3070 547 3148 διώξω.
569 3067 646 3138 οὐδὲ
671 3071 742 3160 ἐρεῖ
761 3067 873 3151 οὐδεὶς
886 3070 931 3152 ὡς
944 3071 1007 3156 ἐγώ
1023 3074 1085 3155 ἕως
1098 3076 1159 3158 μὲν
1172 3070 1213 3142 ito
1225 3078 1320 3162 παρῇ

283 3178 335 3259 etp
358 3157 507 3259 χρῶμαι-ο
538 3149 674 3223 incocto
702 3147 839 3223 ἀπιέναι
866 3153 1044 3242 βούληται,
1072 3157 1244 3242 συλλαβὼν
1264 3158 1324 3228 καὶ

285 3261 404 3316 cucone
424 3239 534 3316 κακῶς
554 3239 644 3304 ποιῶ
658 3235 713 3304 καὶ
727 3235 768 3304 col
774 3235 928 3328 χρήματα
939 3235 1110 3307 ἀποσυλῶ.
1151 3243 1202 3306 Ac
1217 3243 1323 3306 deinde

283 3325 316 3390 in
343 3325 460 3398 volgata
489 3324 607 3398 quidem
636 3327 777 3398 scriptura
802 3327 843 3386 ita
871 3329 984 3400 pergit:
1012 3317 1115 3390 Ἀλλὰ
1142 3319 1322 3392 itinerariis

284 3396 420 3483 εἰδότες,
442 3399 495 3470 ὅτι
517 3401 653 3482 κακίους
673 3401 739 3470 εἰσὶ
761 3405 839 3492 περὶ
859 3401 950 3494 ἡμᾶς
973 3399 994 3493 ἢ
1016 3405 1112 3494 ἡμεῖς
1132 3398 1212 3493 trapi
1236 3405 1321 3476 ἐκεί-

180 3543 184 3552 ,
284 3509 378 3562 γους,
403 3501 461 3568 quc
483 3492 515 3551 in
534 3490 599 3550 loco
622 3489 801 3566 Hartucgius
821 3493 844 3552 l.
865 3515 889 3552 c.
910 3493 969 3552 vol.
994 3491 1033 3552 ll.
1055 3514 1086 3578 p.
1110 3499 1176 3579 3¹²·
1192 3513 1239 3570 sq.
1260 3496 1326 3563 volt

285 3559 325 3634 ilo
341 3573 513 3648 perticulam
529 3577 668 3650 coniungi
686 3577 954 3653 cumimperativo,
973 3575 1011 3636 G.
1025 3575 1210 3647 Hermenpus
1224 3586 1321 3638 autem

247 3664 253 3682 ⁸
283 3660 327 3714 Dc
346 3655 488 3730 particulo
509 3647 550 3717 dv
569 3657 621 3716 lib.
633 3653 689 3717 lv.
703 3680 736 3732 p,
750 3663 819 3718 178.
842 3659 962 3720 eandem
982 3669 1067 3724 vocat
1085 3661 1123 3719 ad
1136 3663 1322 3736 participium

284 3729 427 3812 εἰδότες,
458 3749 489 3796 ut
509 3737 564 3798 hoc
586 3740 710 3799 dicatur:
741 3731 856 3804 ἰόντων
877 3739 934 3806 καὶ
953 3735 1072 3806 εἰδεῖεν
1093 3731 1142 3806 dv.
1186 3744 1323 3824 Quorum
1347 3789 1356 3802 ,

283 3823 437 3896 opiniones
466 3825 634 3898 neutiquam
661 3825 785 3899 probare
807 3846 933 3900 possum.
975 3828 1023 3884 Ac
1044 3826 1080 3885 dc
1100 3829 1267 3902 imperativi
1289 3833 1320 3890 vi

283 3924 316 3962 ac
339 3913 494 3981 potestate,
518 3928 592 3982 quae
616 3929 675 3974 nou
696 3910 806 3981 patitur
827 3909 1033 3984 condicionem,
1056 3931 1143 3983 quarn
1165 3911 1259 3972 adfert
1280 3905 1322 3975 dlv
1391 3927 1394 3932 “
1442 3973 1443 3986 ,

197 4039 199 4044 .
281 3985 438 4067 particula,
464 3991 549 4050 modo
576 3991 650 4050 dixi.
696 3990 783 4070 Quod
804 4001 900 4052 autem
920 3989 1117 4054 Hermaunus'
1135 3983 1181 4059 llo·
1195 3987 1326 4078 εἰδότες

277 4068 463 4148 coniungens
483 4075 656 4149 explicavitr
684 4070 741 4138 nal
757 4065 876 4144 εἰδεῖεν
892 4065 942 4154 ὅν,
961 4075 1081 4144 idmilti
1093 4072 1189 4164 impu
1200 4098 1322 4156 queque
