2902 4586
451 312 456 320 ¹
571 227 740 302 atra·
1017 241 1021 259 =
1111 236 1156 302 ar
1246 257 1249 264 ,

116 410 257 485 excitavit
277 404 450 485 Kmegernr
473 429 514 468 ex
535 407 669 473 Platonis
690 408 839 469 Hertedoue
860 417 934 486 part.
955 405 995 470 ll.
1018 408 1077 470 vol.
1097 403 1155 468 m.

116 513 147 568 p.
168 495 220 570 52,
244 497 295 552 19.
317 491 363 552 od.
387 491 484 554 Bckk.
506 516 535 570 p.
555 500 606 558 81.
625 491 662 552 B.
684 493 729 552 ed.
751 492 793 551 H.
810 491 911 570 Steplr.
947 488 1031 556 cioca
1051 489 1156 575 μηδὲν

119 563 203 640 {itta
226 574 336 640 dcccciv
357 565 443 640 εἶναι
462 567 592 660 ἀληθὲς
612 568 681 640 ‹ttt’
701 567 722 660 ἢ
744 570 781 638 τὸ
806 574 1036 654 σωματοειδές,
1056 579 1089 635 in
1106 596 1157 652 eo,

119 662 158 720 ri·
173 661 298 736 primam
324 661 368 719 rei
396 662 539 737 originem
565 663 794 736 investigamus,
822 662 940 736 ringula
967 661 1083 735 quidem
1111 661 1155 722 ric

118 744 258 803 solvenda
275 763 338 802 aare
359 743 509 803 videnturc
538 738 625 807 ὥστε
637 740 740 825 μηδὲν
754 733 838 806 ‹itto
854 742 964 806 δοκεῖν
976 733 1060 807 εἶναι
1074 735 1155 828 ἄλη·
1201 801 1211 816 ,

115 823 192 902 θὲς,
221 816 303 888 itta
325 817 346 910 ἢ
367 822 404 888 τὸ
428 824 666 906 σωματοειδές,
695 826 748 886 ned
769 847 856 884 nemo
879 829 1028 894 tamenin
1050 830 1157 902 repeti·

115 913 196 970 tione
216 909 346 970 eiusdem
366 913 445 970 vocis
466 910 611 987 offendet,
634 911 684 984 qni
706 912 873 984 cogitaverit
894 911 943 985 id,
966 909 1044 986 qrrtd
1068 929 1158 984 repra

115 993 272 1069 docuimus,
295 984 366 1055 ἀλλ’
387 994 461 1054 illud
482 1004 550 1052 ante
570 985 592 1077 ἢ
613 996 765 1068 repetitum
784 995 823 1053 ita
844 1013 979 1069 exupere
1002 1015 1064 1052 rem
1088 1003 1158 1054 ante

115 1079 177 1138 iarn
196 1087 385 1153 transactam,
415 1087 448 1137 nt
475 1071 651 1138 commodine
680 1069 701 1160 ἢ
732 1076 816 1136 adlici
835 1081 929 1152 poenit
948 1075 1157 1153 adiuvetnrqne

115 1165 300 1238 comparatio.
341 1161 446 1237 ltaque
467 1160 588 1221 Graecis
608 1154 674 1220 ittir'
690 1163 789 1221 verbio
808 1160 865 1220 boc
885 1162 1001 1220 dieitur:
1029 1165 1069 1222 So
1087 1161 1156 1220 dura

114 1247 207 1305 eiclttu
218 1243 368 1308 Anderae
386 1247 469 1306 malr
488 1265 527 1304 zu
546 1251 607 1304 ecia
618 1246 734 1315 rubuint,
755 1246 892 1316 (nudus)
905 1247 950 1304 ule
962 1247 1015 1306 dne
1027 1249 1155 1323 ll'o'rper-

116 1330 244 1388 itlmlicbc
265 1350 293 1388 ν.
314 1349 339 1387 r.
359 1349 396 1388 ur.
440 1327 536 1408 Queri
563 1327 672 1388 Latine
700 1329 794 1387 diense
832 1333 870 1388 Ut
897 1329 968 1388 uticii
994 1327 1085 1390 alind
1109 1331 1156 1388 oi·

115 1412 216 1472 deutur
236 1432 295 1472 aare
314 1433 420 1484 ouum,
442 1414 559 1486 (uliud)
581 1413 761 1490 pompaei
782 1417 892 1490 corpori
912 1411 1005 1470 circite
1023 1417 1071 1482 rit,
1097 1412 1156 1469 nisi

35 1549 37 1554 .
116 1495 195 1569 quod
214 1505 243 1556 et
263 1506 362 1556 noetra
383 1506 412 1555 et
431 1495 539 1555 Latina
559 1497 661 1571 lingua
681 1515 730 1556 ren
751 1495 806 1556 boc
824 1495 938 1555 videtur
957 1494 1058 1554 clamor
1077 1515 1156 1571 cene,

116 1582 195 1653 quod
220 1601 280 1640 non
306 1579 379 1641 adeo
403 1579 522 1646 ¹dicendi
548 1580 752 1642 consuetudine
772 1590 884 1658 recepta
906 1581 1079 1640 constructio
1099 1587 1154 1639 eat.

95 1663 168 1724 ’δῖα
188 1685 276 1738 porro
296 1664 404 1724 iactum
427 1673 487 1738 eat,
513 1671 546 1722 ut
566 1671 699 1724 noctram
719 1653 801 1727 litto
824 1685 920 1738 neque
942 1685 1036 1741 genua
1057 1683 1155 1740 neque

116 1769 213 1807 cerum
240 1769 337 1824 nequa
364 1747 495 1808 adverbii
522 1747 645 1807 formam
673 1759 817 1808 nervamtr
846 1769 934 1822 quam
954 1749 991 1808 ob
1014 1769 1078 1808 rem
1099 1749 1155 1807 etri

114 1833 213 1893 minna
235 1832 384 1890 commode
401 1833 442 1890 ad
461 1831 656 1890 antecedentia
674 1832 780 1892 referri
796 1839 902 1904 potant,
921 1841 1018 1890 tamen
1034 1851 1080 1889 reo
1095 1851 1155 1890 non

115 1937 181 1975 enm
203 1914 287 1981 debet
308 1935 423 1976 movere
444 1915 669 1989 dubitationem,
693 1916 908 1974 rrtneoersariu
929 1911 967 1972 ad
986 1913 1156 1989 particulam

116 1991 204 2062 citt&
225 2000 387 2072 confugias.
429 1995 508 2058 Nam
525 2000 662 2074 qnoniam
681 1997 796 2072 quidem
815 1997 906 2058 nemel
924 1995 999 2056 bano
1015 1999 1155 2058 rationem

115 2083 230 2143 dicendi
254 2073 324 2146 ἀλλ’
348 2075 370 2166 ἢ
392 2091 577 2158 acceperant,
600 2092 630 2140 nt
655 2080 730 2140 illud
751 2072 833 2144 ittto
853 2083 975 2140 liberine
997 2083 1081 2158 quani
1103 2079 1154 2162 ad·

114 2167 284 2229 verbialiter
311 2165 348 2225 ad
374 2155 572 2226 antecedentia
600 2166 773 2240 referretur,
801 2167 951 2226 continent
972 2167 1002 2223 in
1023 2186 1056 2224 ee
1078 2163 1156 2224 nibil

114 2250 210 2326 aliud,
239 2251 296 2309 nial
317 2253 465 2309 notionem
485 2251 561 2310 aliur
585 2251 648 2324 rei,
673 2271 748 2326 quae
768 2252 823 2308 iata
846 2252 960 2308 actione
982 2246 1155 2325 efficeretur,

113 2354 175 2394 nun
195 2337 254 2394 iam
275 2334 478 2394 dubitaverunt
498 2336 583 2393 etiam
603 2335 641 2394 iia
658 2333 732 2393 lucin
752 2331 807 2392 boc
829 2323 897 2396 citi?
920 2325 941 2416 ἢ
963 2335 1085 2411 inferre,
1104 2333 1156 2392 ubl

114 2439 163 2478 ren
190 2439 243 2494 per
271 2439 302 2478 ee
331 2426 458 2493 spectata
485 2421 624 2477 maiorem
651 2416 844 2476 difficultatem
870 2415 980 2477 babere
998 2417 1156 2494 rideretur,

114 2501 205 2582 veluti
226 2505 259 2561 in
279 2502 352 2563 locis
372 2501 438 2578 hia,
462 2505 564 2576 quibus
589 2523 658 2561 urus
680 2510 725 2561 ent
746 2499 936 2576 Kruegernn,
961 2499 1094 2562 Platonis
1116 2521 1155 2560 ex

114 2587 265 2645 Pltaedotto
292 2607 323 2660 p.
349 2587 409 2660 25,
440 2593 490 2644 10.
522 2585 568 2644 ed.
594 2583 692 2644 Bekk.
721 2607 750 2658 p.
777 2591 827 2643 68.
851 2582 890 2642 Β.
918 2583 964 2642 ed.
986 2583 1028 2645 fl.
1049 2583 1156 2658 Steplr.

116 2662 207 2753 σφόδ
230 2689 251 2730 α
272 2665 334 2752 ptip
356 2659 447 2750 αὐτῷ
468 2667 573 2730 ταῦτα
595 2660 701 2739 δόξει,
723 2665 878 2766 μνζδαμοῡ
902 2657 1026 2727 tittoer
1047 2667 1158 2728 καθα·

116 2752 185 2854 puis
201 2689 420 2825 ’ῖνιεύξεσθαι
441 2742 603 2832 φρονήσει
625 2739 692 2808 ἀλλ’
716 2741 738 2830 ἢ
762 2748 850 2816 εκεῖ,
876 2767 934 2819 quo
955 2749 988 2806 in
1009 2749 1073 2814 luco
1096 2769 1157 2808 non

17 2835 21 2840 ”
118 2826 189 2896 αλλ’
212 2825 244 2916 ἤ,
264 2833 296 2890 id
318 2831 396 2906 qnod
417 2832 488 2890 olim
511 2831 567 2888 tuit
589 2819 670 2891 itta
693 2819 723 2913 ἢ.
742 2832 969 2906 exspectaveris,
989 2832 1043 2890 red
1061 2833 1177 2908 potine·

120 2907 246 2976 ὄλλοθι
267 2904 303 2996 ἥ,
324 2922 356 2971 nt
376 2913 465 2988 illud,
482 2914 566 2987 'qnod
589 2933 677 2987 cupra
698 2913 902 2990 dinumerat,
926 2921 1053 2974 accurate
1073 2933 1157 2992 repe·

118 3005 229 3058 teretur
247 2997 286 3056 ed
306 3001 547 3071 comparationem
567 2998 783 3058 instituendam.
826 2994 869 3057 At
890 3006 985 3059 tamen
1004 3021 1065 3060 non
1079 3011 1156 3062 recte

115 3082 241 3156 faceret,
269 3081 296 3140 ri
323 3083 389 3156 qnia
417 3083 573 3156 corrigeret
600 3069 724 3144 {ittera
755 3073 788 3166 ip‘.
824 3079 947 3142 Etenim
973 3105 1034 3144 nnn
1063 3086 1156 3146 voluit

115 3163 200 3224 Plato
228 3172 287 3222 tam
313 3163 439 3224 formam
464 3165 544 3224 illius
563 3155 687 3227 ῖῖλλοδι
706 3167 801 3242 ipsam
821 3187 973 3245 premere,
995 3190 1083 3245 quam
1102 3173 1155 3230 no·

116 3252 222 3308 tionem
238 3247 313 3308 aliun
329 3250 373 3307 rei
389 3249 505 3324 efferre,
524 3270 581 3323 qno
592 3249 698 3308 melius
713 3243 937 3324 comparativam
950 3245 1155 3337 particulamii

115 3332 276 3392 induceret:
300 3334 399 3408 itaque
417 3332 590 3408 simpliciter
607 3332 683 3392 dixit
696 3324 765 3395 ἀλλ’
783 3325 814 3418 ἥ,
836 3339 974 3410 quoniam
987 3335 1060 3396 haec
1071 3357 1155 3397 voca-

114 3417 183 3477 bula
207 3418 248 3475 ita
275 3419 432 3490 composita
456 3420 515 3476 iam
541 3416 747 3477 adverbialiter
767 3423 999 3494 usurpabautnr,
1027 3430 1059 3478 nt
1080 3418 1156 3478 illud

115 3492 199 3570 iitto
230 3501 472 3572 comparationem
501 3500 667 3576 adiuvaret,
694 3510 872 3560 nontamen
892 3503 929 3560 ad
950 3506 1088 3562 amussim
1109 3524 1155 3563 re·

95 3582 274 3660 'sponderet
301 3581 446 3654 superiori
473 3586 685 3662 eonetrrptioui.
727 3581 794 3642 Huc
815 3588 962 3662 pertinent
985 3591 1073 3647 etiam
1096 3587 1155 3646 alia

116 3663 147 3728 id
174 3687 266 3742 genus
290 3662 445 3738 exempla,
475 3685 549 3738 quaa
570 3669 659 3725 multa
681 3671 882 3728 <incitaverunt
901 3674 1095 3746 grammatici,
1123 3679 1156 3727 ut

115 3749 252 3811 'laceratis
271 3751 460 3825 Purrcpprxb
477 3752 507 3805 7.
524 3748 574 3806 ed.
597 3749 695 3808 Bckk.
715 3773 745 3824 p.
762 3756 813 3810 42.
828 3753 904 3811 mad.
926 3755 972 3812 cd.
993 3753 1034 3810 H.
1050 3749 1154 3825 Stepb.

118 3828 159 3897 Et
187 3831 248 3914 μὲν
273 3829 435 3914 μηδαμῶς
462 3819 571 3903 ἄλλως
598 3822 670 3894 οἷόν
696 3825 721 3894 τ’
750 3825 791 3914 ἦν
820 3832 939 3916 δηλοῦν
966 3830 1025 3908 τὰς
1053 3827 1156 3910 αδοᾶς

118 3913 258 4002 πράξεις
285 3908 352 3978 ἀλλ’
377 3907 399 3997 ἢ
428 3909 484 3978 διὰ
504 3914 585 3993 μιᾶς
606 3905 717 3986 ἰδέας,
747 3909 831 3993 εἶχεν
852 3911 890 3977 ἄν
909 3910 1156 3998 carbantorate

120 3995 196 4076 pri,
218 4021 276 4076 quo
297 4002 328 4058 iu
349 4000 412 4058 loeo
430 4002 455 4057 ci
477 4007 606 4058 accurate
626 3997 813 4076 responderet
827 3989 894 4060 ἀλλ’
911 3992 931 4083 ἢ
948 4005 1155 4078 superioribus,

118 4083 301 4149 rcribendnm
329 4089 405 4145 esset
433 4073 555 4161 ἄλλως,
585 4071 623 4168 ip',
651 4092 683 4140 ut
704 4103 760 4158 ,per
786 4083 930 4158 quendam
956 4087 1156 4162 pleonarmnm
1219 4117 1227 4126 ,
1294 4067 1297 4080 ¹
