2902 4586
541 273 693 387 scara.
1110 277 1154 344 aa
1190 361 1192 370 ¹

100 417 102 424 y
121 445 236 530 ms
248 461 311 514 erat
327 451 505 514 indicatum
527 447 705 511 nibilenlm
724 469 763 511 aa
781 451 815 524 in
831 451 934 530 populi
953 449 1072 526 quidem
1091 468 1155 511 ser·

121 553 207 614 ¹taeniae
229 539 388 614 quidquam
408 540 472 598 sine
492 554 591 594 caussa
613 555 751 610 nmquam
769 535 879 594 tactum
898 545 958 597 esi:
982 546 1044 594 tom
1065 537 1155 596 etim

50 680 52 684 ,
125 619 179 690 boc
203 642 265 680 non
290 621 459 698 ostendunt,
485 623 537 696 qni
558 620 624 679 lieri
644 621 787 696 potuerit,
814 629 846 678 ut
869 623 902 679 in
922 630 979 680 tam
1001 629 1068 696 apta
1085 639 1156 678 con·
1180 656 1190 676 .

125 705 227 764 iunctis
250 708 343 765 vorbis
365 705 476 780 duplex
486 712 656 764 nasceretur
670 706 853 784 constructio,
876 705 954 778 qnod
968 709 1029 761 tom
1042 705 1157 764 demuto

123 789 272 862 probabile
301 797 397 863 esset,
429 791 455 849 si
486 794 554 862 post
581 790 712 861 priorem
741 787 915 862 particulam
940 789 1038 863 eliqua
1068 789 1158 850 rerba

121 874 268 931 interiecta
295 869 393 932 essent
417 880 447 931 ct
467 873 508 930 sic
532 871 648 929 demum
668 881 842 948 pergeretur
864 871 901 930 ad
922 871 1055 931 alteram.
1098 870 1161 952 Qui

121 962 215 1014 autem
235 959 334 1016 statnit
356 975 421 1016 esee
441 957 567 1030 primunr
588 946 673 1017 ἀλλὰ
693 975 746 1030 per
766 975 800 1016 sc
821 954 1030 1030 accipiendum,
1053 954 1161 1014 deinde

121 1041 288 1114 particulam
317 1031 339 1125 ἢ
365 1060 419 1114 per
439 1039 584 1116 quandam
605 1039 724 1114 ellipsin
745 1039 961 1115 explicandam,
988 1041 1016 1100 in
1040 1039 1160 1114 quidem

121 1123 152 1182 id
172 1125 285 1199 statuit,
310 1124 388 1199 quod
409 1143 464 1198 per
486 1143 520 1185 se
540 1125 674 1198 ineptum
694 1145 754 1182 non
775 1131 831 1199 est,
854 1123 907 1184 aed
928 1133 1024 1184 tamen
1045 1121 1160 1198 aliquid

120 1209 217 1283 ponit,
245 1209 326 1282 qnod
354 1208 437 1265 nullo
462 1207 549 1268 modo
569 1208 689 1266 concedi
709 1215 813 1283 potest·
856 1203 935 1268 Nem
956 1227 1042 1266 nemo
1061 1209 1093 1266 in
1113 1205 1160 1266 bie

119 1292 188 1350 locis
215 1295 325 1366 poterit
346 1291 494 1364 divinare,
506 1290 609 1366 'quale
627 1291 700 1350 illud
720 1293 882 1351 membrum
903 1293 1044 1351 orationis
1063 1291 1162 1367 inerit,

55 1411 65 1422 -
121 1365 198 1449 qnod
222 1377 363 1434 omissum
385 1395 449 1434 esse
469 1375 596 1452 dicatur,
624 1375 715 1450 idque
739 1396 774 1434 eo
799 1377 895 1434 minus
917 1367 1033 1450 probati
1055 1383 1162 1451 potest,

122 1459 199 1534 qnod
224 1460 370 1536 particula
399 1452 421 1544 ἢ
446 1475 608 1534 numquam
630 1458 703 1519 alias
724 1460 814 1520 simili
835 1459 934 1535 ellipsi
956 1458 1084 1518 adhiblta
1105 1466 1162 1536 est,

123 1559 216 1619 neque
242 1545 333 1603 talem
359 1563 414 1618 per
441 1563 475 1603 se
500 1543 742 1620 significationem
762 1541 868 1618 habet,
896 1543 990 1619 qualis
1016 1551 1108 1603 eabe.
1130 1563 1161 1621 g.

123 1623 249 1687 Latinae
269 1626 430 1702 paniculae
450 1627 503 1686 nel.
531 1637 532 1642 ’
546 1625 597 1686 Sic
612 1627 698 1686 facile
711 1621 891 1704 intellegitur
906 1629 959 1688 vix
973 1647 1061 1704 possa
1075 1629 1162 1686 iilam

123 1711 290 1787 explicandi
315 1714 458 1770 rationem
484 1731 539 1784 per
564 1731 596 1770 sc
625 1712 719 1770 locum
747 1709 865 1770 habere.
908 1710 997 1792 Quod
1023 1713 1050 1770 si
1076 1709 1164 1770 dooe-

122 1797 217 1854 bimns
245 1795 370 1854 alteram
399 1794 625 1868 explicationem
652 1815 714 1852 non
742 1794 839 1853 solnm
864 1811 920 1866 per
948 1813 980 1852 se
1009 1793 1165 1852 admodum

124 1877 308 1956 probabilem
334 1895 417 1950 essa,
445 1895 549 1936 verum
575 1877 707 1934 omnibns
729 1878 819 1934 etiam
839 1874 912 1934 locis
933 1875 1168 1936 recte'adbiberl

125 1980 224 2040 posse,
250 1963 317 2036 quis
338 1959 455 2020 tandem
477 1957 618 2018 dubitabit
637 1979 713 2034 quae
731 1957 921 2033 ingredienda
941 1961 990 2019 ria
1010 1960 1070 2019 siti
1111 1957 1168 2018 Et·
1259 1975 1264 1988 ’

127 2049 207 2105 enim
234 2048 261 2104 si
287 2043 343 2104 buc
365 2042 571 2112 ‚contendimus
598 2059 661 2103 esne
686 2041 740 2102 bas
769 2041 925 2117 particulas
950 2033 1018 2106 ἀλλ’
1043 2034 1064 2130 ἢ
1090 2041 1168 2102 nibil

126 2129 207 2190 alind
222 2129 281 2188 nisi
303 2117 385 2196 lilla
408 2117 438 2213 ἢ,
458 2129 586 2201 prir'nnm
606 2127 686 2185 nulle
704 2126 844 2186 dubitatio
863 2127 969 2201 poterit
983 2145 1057 2203 esee,
1078 2147 1167 2202 quem

127 2212 164 2271 ad
185 2213 303 2271 modum
320 2209 393 2270 haec
415 2219 474 2270 tcta
493 2213 666 2270 constructio
687 2219 756 2270 nata
778 2212 825 2271 sit.
868 2208 954 2270 Satis.
967 2214 1046 2270 enim
1060 2213 1168 2272 usitata
1274 2273 1276 2278 ,

128 2293 200 2373 baec
217 2299 372 2357 verborum
393 2295 563 2370 compositio
585 2304 628 2354 eat
647 2284 748 2370 ἄλλος
760 2283 791 2379 ἦ.
833 2291 950 2354 Deinde
966 2297 1052 2354 stiam
1064 2312 1167 2357 omnes

128 2381 202 2455 loci,
226 2382 259 2439 in
288 2379 392 2454 quibos
417 2377 474 2438 bae
501 2379 660 2453 particulae
687 2376 846 2453 habentur,
875 2387 1011 2456 possunt,
1040 2381 1082 2440 oti
1106 2384 1167 2441 iam

131 2463 325 2540 dictumest,
357 2461 413 2524 lroc
442 2463 529 2521 modo
555 2463 703 2523 facillume
730 2463 883 2539 explicari.
930 2462 991 2524 Res
1020 2466 1167 2542 exempli!

130 2547 248 2622 planior
266 2550 319 2618 erit
341 2557 369 2607 ct
388 2568 541 2622 possumus
560 2567 577 2604 a
592 2547 771 2607 facilioribus
786 2546 823 2605 ad
836 2545 999 2607 difficiliora
1012 2550 1167 2624 proficisci.

204 2627 290 2703 *Nam
319 2630 397 2708 qnod
421 2630 506 2690 Plato
534 2633 565 2689 in
593 2631 667 2691 libro
695 2632 728 2690 dc
754 2651 786 2691 rc
812 2629 925 2708 publico
949 2630 976 2689 1.
1004 2631 1084 2703 l’art.
1111 2631 1168 2691 111.’
1282 2683 1288 2698 ,

131 2713 191 2774 vol.
212 2713 236 2776 1.
261 2711 298 2790 p.¹
314 2721 345 2790 9,
370 2716 418 2774 lb.
440 2715 485 2774 ed.
509 2711 609 2774 Ball.
631 2737 662 2788 p.
685 2721 758 2778 230.
780 2716 826 2775 ed.
847 2711 890 2774 Η.
910 2711 1017 2789 steph.
1036 2717 1168 2792 scripslla

133 2793 288 2861 'Xcleuol
321 2788 378 2859 oio
411 2795 466 2860 καὶ
498 2793 714 2877 συγγενέσθαι
741 2790 840 2872 εἰσίν,
873 2787 969 2862 οὐδὲν
997 2791 1171 2876 ἐθέλοντες

136 2875 283 2942 ’ἐπαινεῖν
304 2870 372 2942 ‹itt'
397 2869 495 2960 ἢτὸν
516 2877 680 2952 nicoma,
702 2880 733 2939 id
755 2883 781 2941 si
802 2883 928 2958 primam
948 2885 1171 2946 constructionis

138 2964 283 3038 originem
312 2966 491 3038 quaerimus,
521 2963 665 3022 facillume
691 2966 730 3024 sic
755 2967 894 3042 solvitur,
922 2974 955 3025 ut
978 2957 1049 3030 ἀλλ’
1071 2959 1099 3054 ἢ
1114 2989 1170 3044 pro

137 3035 235 3118 iilic,
266 3038 288 3130 ἢ
313 3048 433 3120 accipias
461 3051 562 3122 itaque
589 3057 700 3109 vertas:
734 3069 816 3128 quota
843 3051 915 3109 nibil
940 3053 1028 3110 ooliab
1050 3053 1171 3112 lundors

87 3184 90 3190 .
134 3128 214 3188 uliud
239 3147 322 3206 qaum
351 3130 418 3201 (vel
437 3135 533 3206 potins
555 3137 629 3202 uisi)
658 3135 788 3203 ‹li-vitiae,
819 3123 985 3208 non'quasi
1005 3133 1060 3194 boc
1079 3137 1170 3210 plane

132 3211 211 3271 idem
231 3213 270 3272 sit
288 3233 321 3272 ac
341 3215 367 3272 ai
387 3219 535 3290 scripserit
549 3215 648 3274 Plato:
673 3207 770 3279 cirtio
787 3205 868 3279 dil-lo
884 3212 1058 3293 elidicatas
1074 3216 1173 3282 ἔπαι-

132 3297 206 3368 νεῖν,
228 3288 250 3381 ἢ
271 3291 501 3373 adveniebam,
525 3299 577 3360 aed
598 3303 640 3370 ita
661 3308 759 3358 tamen
779 3295 851 3358 hacc
872 3299 985 3358 dicendi
1007 3305 1082 3361 ratio
1103 3312 1173 3363 nata

112 3379 191 3439 'eata
219 3379 296 3453 qnae
323 3385 423 3441 rursus
451 3383 639 3443 collocatione
664 3383 818 3442 verborum
838 3385 880 3442 ita
900 3382 1000 3443 differi
1022 3387 1060 3445 ab
1080 3386 1173 3446 altera

132 3466 264 3538 ratione,
289 3469 322 3519 ut
349 3465 374 3520 si
398 3465 547 3526 dicamne:
586 3459 681 3530 oridia
711 3456 793 3529 itio
821 3461 995 3542 ἐθέλοντες
1015 3465 1172 3543 bonevalo,

133 3537 157 3632 ἢ
177 3543 234 3609 τὸν
255 3541 410 3614 πλοῦτον,
428 3547 505 3606 illnd
526 3539 608 3611 α”λλο
628 3553 720 3626 magis
743 3550 886 3609 ecferatur
906 3569 1003 3625 neqnc
1024 3555 1118 3613 solum
1135 3555 1173 3614 ad

135 3629 371 3704 intellegentiam
385 3629 539 3687 verborum
551 3633 720 3708 iuvandam,
738 3653 840 3693 rernm
852 3655 917 3693 cnm
931 3636 1030 3711 aliquo
1042 3639 1174 3713 pondere

136 3713 266 3789 accedat,
299 3713 382 3787 quasi
414 3721 516 3770 nostra
541 3711 641 3789 lingua
668 3717 764 3778 dlcast
798 3717 836 3776 do
860 3724 903 3778 sic
930 3723 1021 3779 ciebis
1047 3723 1175 3780 Anderae

136 3797 216 3870 lobea
236 3798 348 3869 wollar,
370 3796 415 3856 ola
436 3795 488 3854 diu
501 3798 675 3857 Reiobtbum.
706 3799 774 3859 'Sin
794 3803 836 3859 ita
856 3803 1013 3878 loquimur,
1035 3805 1175 3878 quemad

20 3953 22 3957 Ι
137 3880 256 3938 modum
277 3877 360 3937 l‘lbtc
381 3879 433 3938 illo
455 3879 520 3939 loco
540 3879 650 3940 locutus
672 3890 731 3941 est:
764 3875 861 3948 οὐδὲν
882 3881 1056 3962 ἐθέλοντες
1077 3883 1174 3952 ἐπαι-

138 3965 206 4030 νεῖν
229 3955 298 4025 ἀλλ’
323 3955 343 4048 ἢ
363 3959 420 4027 τὸν
440 3952 603 4034 abaidun,
633 3963 688 4024 boc
715 3965 780 4025 fere
805 3966 923 4028 dicitnrr
954 3970 991 4030 du
1011 3977 1052 4032 sic
1073 3975 1175 4033 Niobis

139 4047 219 4105 luben
239 4045 354 4116 aeolica,
368 4049 487 4110 nudata
508 4049 626 4111 aledea
644 4049 826 4120 liciclrtbam,
851 4053 900 4112 rel
916 4057 1031 4131 potins,
1057 4061 1099 4115 uti
1120 4077 1174 4114 nos

139 4131 264 4278 salpinae
284 4129 384 4206 loqui:
407 4133 505 4208 dosia
521 4135 613 4198 eicite
634 4135 713 4198 lobea
733 4135 846 4212 welles,
868 4136 915 4196 ule
932 4155 989 4279 rapu
1004 4141 1056 4200 deu
1071 4140 1176 4198 licieb-
1203 4159 1206 4170 ’
