2844 4596
275 239 339 310 646
402 251 407 264 ’
608 234 612 252 ¹
753 238 837 310 auh

283 409 437 470 Praeterea
468 409 657 472 conferantur
689 429 763 486 quiae
789 409 892 471 adtulit
918 407 1050 488 Vigenna
1078 433 1108 488 p.
1131 411 1202 470 545.
1225 417 1255 470 et
1276 408 1316 470 G.

252 493 467 556 'Hermaunus
491 499 525 554 in
551 495 736 554 adnotatione
759 485 790 569 p.
812 499 902 568 847„
929 503 990 555 tum
1014 495 1054 558 G.
1078 495 1118 556 H.
1142 493 1317 554 Schaet'srus

276 579 313 636 ad
337 578 442 653 Long.
467 602 496 653 p.
521 583 592 638 350.
615 600 678 638 cum
698 577 863 638 Abrcschio
884 575 967 638 Lect.
990 577 1169 642 Aristaeest.
1192 602 1230 652 p.
1244 584 1317 638 252.

232 691 239 709 ι
277 667 364 726 etad
393 662 538 738 Aeschyli
566 662 721 724 Eumenid.
752 667 838 740 409,
867 665 995 738 denique
1017 663 1068 724 Fr.
1092 663 1221 722 Ellendt.
1242 669 1316 722 Lea.

278 753 364 830 soph.
386 748 445 805 vol.
467 745 491 807 Ι.
515 767 543 820 p.
567 751 639 805 884.
660 755 693 806 et'
714 746 858 822 Hartung.
880 747 937 806 vol.
958 746 985 807 Ι.
1006 771 1035 823 p.
1061 755 1117 808 181
1140 769 1184 822 sq.

362 847 411 906 De
439 846 587 921 particulis
616 841 672 908 καὶ
699 840 755 928 δή,
783 855 931 921 quae'aut
950 857 976 906 et
1000 851 1208 907 tumentium
1232 849 1317 904 etiam

277 933 459 1009 significant,
486 929 645 1004 disputavit
673 930 790 1003 quidem
820 928 968 991 Devarius
992 933 1052 990 uel.
1076 930 1100 991 l.
1124 953 1159 1006 ·p.
1184 931 1242 987 115
1268 949 1336 1001 seps

279 1017 453 1092 separatim,
479 1013 530 1070 sed
551 1015 593 1072 ita
614 1012 786 1090 disputavit,
808 1023 839 1072 ut
863 1035 950 1073 unam
973 1021 1084 1073 tantum
1107 1035 1206 1074 aarum
1229 1016 1317 1086 parti·
1341 1032 1347 1040 ’

278 1102 410 1161 cularum
428 1096 670 1171 significationem
689 1099 840 1156 obtineret.
873 1097 941 1176 Qua
959 1119 991 1157 re
1008 1099 1080 1158 haec
1099 1119 1155 1174 ego
1174 1097 1314 1154 adiiciam.

363 1197 503 1258 Primum·
524 1190 646 1280 uulda)
678 1196 800 1271 dicitur,
832 1205 862 1256 ut
889 1197 921 1256 id
949 1199 1121 1274 simpliciter
1147 1194 1316 1271 respoudeat

280 1282 431 1360 particulis
446 1280 565 1340 Latinis
585 1289 612 1338 et
627 1286 695 1354 iens,
716 1302 774 1354 qua
795 1281 907 1356 aliquid
927 1281 1094 1358 adiungitur
1117 1285 1158 1340 ita
1180 1281 1214 1338 ad
1238 1287 1318 1338 ante·

281 1369 432 1440 cedentia,
461 1372 492 1422 ut
517 1385 593 1422 nunc
622 1384 663 1422 ex
691 1365 793 1422 ordina
819 1386 917 1424 rerum
937 1369 996 1424 iam
1018 1369 1107 1426 etiam
1126 1363 1181 1424 hoc
1200 1363 1238 1420 ad
1262 1363 1320 1420 alia

282 1439 427 1520 accedere,
439 1447 559 1506 dicatur.
601 1441 715 1527 Quibus
737 1451 769 1520 in
788 1448 859 1507 locis
877 1471 941 1507 cum
964 1443 1003 1532 dt}
1028 1449 1171 1524 particula
1191 1444 1319 1521 plerum-

282 1555 340 1610 que
370 1532 548 1606 singularem
570 1531 714 1604 quandam
737 1533 886 1591 notionem
909 1532 1027 1609 efferat,
1053 1533 1117 1594 lere
1139 1532 1242 1591 dicitur
1265 1525 1320 1591 καὶ

282 1651 321 1662 -
345 1612 384 1700 δὴ
413 1616 584 1690 interposita
605 1633 639 1672 ea
659 1633 745 1689 voce,
777 1635 851 1690 quae
879 1615 1015 1688 effertur,
1041 1637 1098 1692 qua
1128 1615 1162 1674 de
1190 1635 1224 1673 re
1252 1613 1317 1673 vide

281 1721 357 1775 quae
382 1719 471 1774 supra
498 1719 526 1772 p.
550 1699 611 1776 414
633 1717 699 1772 sqq.
725 1700 953 1775 explicavimus,
980 1708 1029 1758 aut
1049 1703 1080 1758 si.
1093 1701 1237 1774 premitur
1253 1699 1314 1769 ipsa

279 1788 360 1842 notio
387 1779 426 1866 dr}
447 1782 612 1856 particulae,
633 1781 808 1856 plerumque
828 1784 963 1857 pleniore
981 1784 1076 1842 forma
1097 1777 1153 1844 καὶ
1171 1778 1232 1866 ἤδη
1250 1780 1317 1837 dici·

281 1875 345 1941 tur,
370 1885 445 1940 quae
465 1865 622 1939 particulae
643 1866 788 1938 quemad
809 1868 926 1926 modum
946 1865 1162 1944 intellegendae
1183 1868 1242 1924 sint
1261 1883 1318 1920 non

279 1953 389 2026 poterit
411 1945 563 2009 obscurum
587 1967 659 2006 esse.

364 2031 480 2091 Deinde
509 2051 596 2105 saepe
624 2049 752 2089 numero
773 2023 829 2092 uui
858 2023 897 2114 δὴ
922 2030 1091 2090 itandic'tum
1115 2038 1178 2105 est,
1212 2037 1248 2088 ut
1270 2023 1319 2090 aci

222 2189 230 2196 ,
280 2137 339 2182 non
361 2124 418 2183 tam
438 2112 648 2173 coniunctivam
666 2116 726 2172 vim
744 2111 881 2190 haberet,
904 2116 957 2174 sed
977 2117 1116 2174 maiorem
1135 2117 1218 2172 istam
1238 2118 1315 2171 etiam

185 2255 188 2260 .
279 2199 526 2276 praeseferret.
567 2196 603 2257 Id
627 2193 738 2256 Latino
760 2217 894 2258 sermone
915 2199 992 2281 dicas
1011 2204 1156 2268 continuo,
1184 2217 1217 2256 so
1248 2197 1318 2264 chen,

281 2305 339 2358 qua
356 2283 392 2342 de
409 2303 442 2340 re
461 2281 531 2342 vide
548 2301 622 2356 quae
641 2291 755 2355 praeter
774 2277 933 2350 Devarium
952 2275 973 2340 l.
984 2283 1007 2340 l.
1019 2281 1178 2356 explicavit
1194 2278 1235 2338 G.
1247 2279 1319 2337 Her-

280 2386 402 2424 mannus
424 2364 461 2422 ad
479 2361 624 2441 Vigeruin
648 2387 677 2439 p.
701 2369 773 2431 829.
796 2375 823 2423 et
843 2387 873 2441 p.
896 2370 967 2426 837.
990 2365 1036 2424 ed.
1056 2374 1140 2440 tert,
1160 2373 1225 2422 tum
1245 2361 1316 2421 llar-

280 2452 399 2524 tungins
421 2447 480 2507 vol.
502 2445 527 2508 l.
550 2470 579 2523 p.
601 2451 661 2506 253
680 2468 746 2522 sqq.
789 2446 828 2507 Et
849 2469 984 2508 maxume
1005 2449 1121 2523 quidem
1142 2449 1176 2506 in
1200 2466 1322 2520 respon-

279 2537 364 2594 none
391 2551 442 2592 eae
468 2532 626 2607 particulae
652 2539 809 2606 usurpatae
830 2541 913 2607 sunt,
945 2533 1039 2594 voluti
1059 2535 1092 2592 in
1111 2529 1324 2608 Aristophanis

278 2618 386 2676 Anthus
408 2637 436 2678 v.
462 2621 522 2676 179
545 2636 612 2691 sqq.
633 2613 839 2676 Pisthethaero
861 2615 984 2675 dicenti:
1256 2621 1262 2634 '

500 2739 630 2814 ssipen,
652 2734 674 2830 a}
693 2739 980 2821 οκοιότοιον,ε1ρηκώς
994 2745 1076 2816 ἔπος,
1170 2770 1173 2776 ·

508 2817 615 2885 βλέψον
633 2833 715 2870 raro.
947 2847 951 2855 ·

279 2933 439 3009 respondet
461 2931 579 3012 Epope:

843 3017 899 3068 Καὶ
917 3013 950 3082 δὴ
970 3017 1072 3083 βλέπω.

279 3140 309 3194 et
331 3133 432 3194 eodem
452 3133 537 3193 modo
557 3137 589 3194 in
613 3137 650 3196 iis
670 3135 852 3213 locis,.qoos
872 3140 970 3213 posuit
993 3138 1141 3198 Devarius
1160 3161 1192 3214 p.
1216 3142 1297 3200 115.
1399 3175 1400 3182 κ

366 3215 442 3276 Tum
475 3221 506 3276 in
535 3218 656 3292 epodosi
684 3241 772 3295 saepe
797 3243 919 3282 numero
938 3243 1002 3282 eac
1035 3224 1193 3297 particulae
1224 3223 1339 3284 locum
1399 3251 1400 3258 ο

278 3300 404 3377 habent,
425 3304 467 3360 uti
487 3304 519 3360 in
538 3301 747 3378 Xenophontis
769 3309 898 3364 Historia
916 3309 1027 3365 Graeca
1048 3306 1100 3365 lib.
1122 3305 1180 3367 Vl.
1204 3328 1276 3384 cap.
1302 3313 1338 3368 4.
1399 3307 1400 3320 ¹

165 3396 189 3426 ·“
280 3390 310 3458 5.
325 3392 373 3444 13.
402 3377 495 3448 Ἐπεὶ
519 3382 555 3450 δὲ
572 3381 694 3469 ἤρξατο
713 3379 801 3468 ἄγειν
812 3423 863 3463 -,
877 3385 932 3452 καὶ
948 3385 987 3472 δὴ
1007 3382 1039 3451 oi
1056 3383 1175 3463 inercie
1190 3394 1341 3472 συνεβε-

280 3463 453 3551 βλήκεσαν.
473 3472 549 3527 etin
565 3470 694 3530 eiusdem
704 3472 888 3548 Expeditionc
900 3473 965 3544 Gyri
979 3475 1031 3530 lib.
1045 3471 1070 3532 Ι.
1086 3494 1148 3548 cap.
1164 3479 1213 3531 10.
1232 3477 1266 3548 §.
1283 3483 1340 3534 10.

275 3545 332 3650 Ἕν,
353 3539 418 3636 cpida
446 3553 549 3615 ταῦτα
578 3547 806 3633 ἐβουλεύοντο,
836 3550 892 3616 καὶ
914 3552 953 3639 dt}
974 3552 1130 3634 βασιλεὺς
1151 3577 1343 3640 ποραμει-

279 3643 432 3718 daueros
463 3628 512 3710 οἷς
542 3632 580 3700 τὸ
613 3627 693 3699 oded
725 3639 831 3720 σχῆμα
861 3635 1058 3720 κατέστησεν
1087 3635 1244 3703 ἐναντίαν
1276 3639 1344 3729 τὴν
1399 3697 1400 3706 ,

211 3775 214 3782 .
280 3711 436 3802 φάλαγγα
458 3713 573 3802 ὥσπερ
594 3715 630 3782 ad
655 3720 788 3800 πρῶτον
808 3713 1012 3799 μαχούμενος
1033 3717 1156 3806 συνῄει.

364 3799 501 3875 Denique
524 3799 584 3866 aul
607 3797 645 3886 δὴ
673 3804 828 3876 particulae
848 3823 937 3879 saepe
961 3826 978 3863 a
1000 3805 1120 3866 Graecis
1141 3807 1186 3866 ibi
1208 3829 1346 3883 ponun-

280 3892 342 3961 tur,
371 3886 422 3944 ubi
449 3885 576 3960 aliquid,
599 3886 675 3962 qttod
696 3887 825 3946 nondum
851 3896 911 3962 est,
940 3891 998 3946 iam
1018 3889 1126 3948 factum
1151 3910 1218 3951 esse
1244 3899 1346 3969 poni·
1399 3955 1400 3970 ,

282 3987 363 4041 mus,
384 3969 476 4031 veluti
497 3971 532 4028 in
550 3968 700 4044 Euripidis
719 3971 822 4030 Medea
843 3992 873 4030 v.
896 3977 967 4030 380.
1399 3973 1400 3978 '

490 4101 545 4154 not
564 4096 597 4166 δὴ
619 4101 742 4156 τεθνᾶσι·
759 4105 800 4162 τίς
815 4119 851 4172 με
868 4102 973 4162 δέξεται
990 4098 1085 4170 πόλις,-
