<?xml version="1.0" encoding="UTF-8"?>
<!DOCTYPE html PUBLIC "-//W3C//DTD XHTML 1.0 Transitional//EN"
    "http://www.w3.org/TR/xhtml1/DTD/xhtml1-transitional.dtd">
<html xmlns="http://www.w3.org/1999/xhtml" xml:lang="en" lang="en">
 <head>
  <title>
</title>
<meta http-equiv="Content-Type" content="text/html;charset=utf-8" />
  <meta name='ocr-system' content='tesseract 3.04.00' />
  <meta name='ocr-capabilities' content='ocr_page ocr_carea ocr_par ocr_line ocrx_word'/>
</head>
<body>
  <div class='ocr_page' id='page_1' title='image "./matthaeidevarii01klotgoog/matthaeidevarii01klotgoog_0494.png"; bbox 0 0 2872 4584; ppageno 0'>
   <div class='ocr_carea' id='block_1_1' title="bbox 619 214 1172 380">
    <p class='ocr_par' dir='ltr' id='par_1_1' title="bbox 619 214 1172 380">
     <span class='ocr_line' id='line_1_1' title="bbox 653 214 1020 240; baseline -0.011 0"><span class='ocrx_word' id='word_1_1' title='bbox 653 214 660 240; x_wconf 81' lang='grc'><strong>.</strong></span> <span class='ocrx_word' id='word_1_2' title='bbox 1015 217 1020 236; x_wconf 53' lang='grc' dir='ltr'>ι</span> 
     </span>
     <span class='ocr_line' id='line_1_2' title="bbox 619 277 1172 380; baseline 0.007 -32"><span class='ocrx_word' id='word_1_3' title='bbox 619 277 671 380; x_wconf 76' lang='lat' dir='ltr'>ei·</span> <span class='ocrx_word' id='word_1_4' title='bbox 1102 279 1172 366; x_wconf 47' lang='lat' dir='ltr'>&amp;a</span> 
     </span>
    </p>
   </div>
   <div class='ocr_carea' id='block_1_2' title="bbox 29 440 1381 4097">
    <p class='ocr_par' dir='ltr' id='par_1_2' title="bbox 29 440 1381 4097">
     <span class='ocr_line' id='line_1_3' title="bbox 133 440 1168 551; baseline -0.004 -35"><span class='ocrx_word' id='word_1_5' title='bbox 133 457 174 516; x_wconf 83' lang='lat' dir='ltr'>aio</span> <span class='ocrx_word' id='word_1_6' title='bbox 194 454 359 528; x_wconf 78' lang='lat' dir='ltr'>existumo,</span> <span class='ocrx_word' id='word_1_7' title='bbox 377 471 464 526; x_wconf 77' lang='lat' dir='ltr'>quem</span> <span class='ocrx_word' id='word_1_8' title='bbox 489 448 525 512; x_wconf 83' lang='lat' dir='ltr'>al</span> <span class='ocrx_word' id='word_1_9' title='bbox 545 440 704 511; x_wconf 71' lang='lat' dir='ltr'>modnm”</span> <span class='ocrx_word' id='word_1_10' title='bbox 683 473 723 522; x_wconf 77' lang='lat' dir='ltr'>aa</span> <span class='ocrx_word' id='word_1_11' title='bbox 743 451 883 551; x_wconf 81' lang='lat' dir='ltr'>porticale</span> <span class='ocrx_word' id='word_1_12' title='bbox 901 449 936 512; x_wconf 86' lang='lat' dir='ltr'>nl</span> <span class='ocrx_word' id='word_1_13' title='bbox 957 454 1075 516; x_wconf 81' lang='lat' dir='ltr'>aerium</span> <span class='ocrx_word' id='word_1_14' title='bbox 1098 456 1168 516; x_wconf 72' lang='lat' dir='ltr'>aab·</span> 
     </span>
     <span class='ocr_line' id='line_1_4' title="bbox 134 533 1168 610; baseline 0.002 -14"><span class='ocrx_word' id='word_1_15' title='bbox 134 540 295 602; x_wconf 76' lang='lat' dir='ltr'>ntaniiram</span> <span class='ocrx_word' id='word_1_16' title='bbox 324 537 498 610; x_wconf 74' lang='lat' dir='ltr'>pertinuisse</span> <span class='ocrx_word' id='word_1_17' title='bbox 531 533 601 595; x_wconf 85' lang='lat' dir='ltr'>olim</span> <span class='ocrx_word' id='word_1_18' title='bbox 632 533 706 592; x_wconf 82' lang='lat' dir='ltr'>milri</span> <span class='ocrx_word' id='word_1_19' title='bbox 737 539 799 592; x_wconf 78' lang='lat' dir='ltr'>vina</span> <span class='ocrx_word' id='word_1_20' title='bbox 834 544 895 609; x_wconf 78' lang='lat' dir='ltr'>eat,</span> <span class='ocrx_word' id='word_1_21' title='bbox 926 558 983 610; x_wconf 83' lang='lat' dir='ltr'>qua</span> <span class='ocrx_word' id='word_1_22' title='bbox 1011 540 1168 606; x_wconf 70' lang='lat' dir='ltr'>decanam</span> 
     </span>
     <span class='ocr_line' id='line_1_5' title="bbox 134 617 1168 694; baseline -0.004 -14"><span class='ocrx_word' id='word_1_23' title='bbox 134 624 221 682; x_wconf 82' lang='lat' dir='ltr'>ride</span> <span class='ocrx_word' id='word_1_24' title='bbox 237 639 312 694; x_wconf 82' lang='lat' dir='ltr'>quae</span> <span class='ocrx_word' id='word_1_25' title='bbox 342 639 427 693; x_wconf 76' lang='lat' dir='ltr'>cupra</span> <span class='ocrx_word' id='word_1_26' title='bbox 450 639 480 692; x_wconf 88' lang='lat' dir='ltr'>p.</span> <span class='ocrx_word' id='word_1_27' title='bbox 505 622 556 676; x_wconf 82' lang='lat'>99.</span> <span class='ocrx_word' id='word_1_28' title='bbox 579 639 596 676; x_wconf 91' lang='grc' dir='ltr'>ι</span> <span class='ocrx_word' id='word_1_29' title='bbox 619 619 704 676; x_wconf 78' lang='lat' dir='ltr'>nobie</span> <span class='ocrx_word' id='word_1_30' title='bbox 729 617 873 691; x_wconf 81' lang='lat' dir='ltr'>disputata</span> <span class='ocrx_word' id='word_1_31' title='bbox 892 629 978 691; x_wconf 85' lang='lat' dir='ltr'>aunt,</span> <span class='ocrx_word' id='word_1_32' title='bbox 1009 626 1052 683; x_wconf 76' lang='lat' dir='ltr'>nio</span> <span class='ocrx_word' id='word_1_33' title='bbox 1082 625 1168 682; x_wconf 78' lang='lat' dir='ltr'>etiam</span> 
     </span>
     <span class='ocr_line' id='line_1_6' title="bbox 136 698 1170 778; baseline -0.002 -12"><span class='ocrx_word' id='word_1_34' title='bbox 136 698 167 770; x_wconf 66' lang='lat' dir='ltr'>ai</span> <span class='ocrx_word' id='word_1_35' title='bbox 199 703 369 778; x_wconf 70' lang='lat' dir='ltr'><strong>particulam</strong></span> <span class='ocrx_word' id='word_1_36' title='bbox 399 700 437 758; x_wconf 80' lang='lat' dir='ltr'>al</span> <span class='ocrx_word' id='word_1_37' title='bbox 464 700 541 760; x_wconf 85' lang='lat' dir='ltr'>idem</span> <span class='ocrx_word' id='word_1_38' title='bbox 569 703 690 760; x_wconf 79' lang='lat' dir='ltr'>verium</span> <span class='ocrx_word' id='word_1_39' title='bbox 715 703 904 760; x_wconf 82' lang='lat' dir='ltr'>revocandam</span> <span class='ocrx_word' id='word_1_40' title='bbox 926 705 1035 764; x_wconf 81' lang='lat' dir='ltr'>videri:</span> <span class='ocrx_word' id='word_1_41' title='bbox 1072 725 1170 778; x_wconf 81' lang='lat' dir='ltr'>neque</span> 
     </span>
     <span class='ocr_line' id='line_1_7' title="bbox 135 783 1171 860; baseline -0.001 -13"><span class='ocrx_word' id='word_1_42' title='bbox 135 791 172 847; x_wconf 84' lang='lat' dir='ltr'>ab</span> <span class='ocrx_word' id='word_1_43' title='bbox 199 788 290 846; x_wconf 78' lang='lat' dir='ltr'>liae</span> <span class='ocrx_word' id='word_1_44' title='bbox 280 805 344 860; x_wconf 86' lang='lat' dir='ltr'>rpaa</span> <span class='ocrx_word' id='word_1_45' title='bbox 375 785 489 859; x_wconf 72' lang='lat' dir='ltr'>origine</span> <span class='ocrx_word' id='word_1_46' title='bbox 521 783 679 846; x_wconf 75' lang='lat' dir='ltr'>abhorrere</span> <span class='ocrx_word' id='word_1_47' title='bbox 708 783 846 844; x_wconf 78' lang='lat' dir='ltr'>Latinam</span> <span class='ocrx_word' id='word_1_48' title='bbox 874 786 1042 859; x_wconf 81' lang='lat' dir='ltr'>particulam</span> <span class='ocrx_word' id='word_1_49' title='bbox 1060 792 1102 846; x_wconf 86' lang='lat' dir='ltr'>aei</span> <span class='ocrx_word' id='word_1_50' title='bbox 1122 787 1171 846; x_wconf 85' lang='lat' dir='ltr'>vel</span> 
     </span>
     <span class='ocr_line' id='line_1_8' title="bbox 134 866 1172 946; baseline 0 -18"><span class='ocrx_word' id='word_1_51' title='bbox 134 876 178 944; x_wconf 84' lang='lat' dir='ltr'>ri,</span> <span class='ocrx_word' id='word_1_52' title='bbox 217 888 293 942; x_wconf 81' lang='lat' dir='ltr'>quae</span> <span class='ocrx_word' id='word_1_53' title='bbox 322 866 449 928; x_wconf 83' lang='lat' dir='ltr'>Graecae</span> <span class='ocrx_word' id='word_1_54' title='bbox 470 869 536 926; x_wconf 81' lang='lat' dir='ltr'>roci</span> <span class='ocrx_word' id='word_1_55' title='bbox 564 887 605 924; x_wconf 80' lang='lat' dir='ltr'>ex</span> <span class='ocrx_word' id='word_1_56' title='bbox 631 869 712 926; x_wconf 86' lang='lat' dir='ltr'>omni</span> <span class='ocrx_word' id='word_1_57' title='bbox 737 879 820 942; x_wconf 83' lang='lat' dir='ltr'>parte</span> <span class='ocrx_word' id='word_1_58' title='bbox 848 870 1013 942; x_wconf 83' lang='lat' dir='ltr'>reapondet.</span> <span class='ocrx_word' id='word_1_59' title='bbox 1074 869 1172 946; x_wconf 82' lang='lat' dir='ltr'>Quem</span> 
     </span>
     <span class='ocr_line' id='line_1_9' title="bbox 135 940 1172 1025; baseline 0.002 -15"><span class='ocrx_word' id='word_1_60' title='bbox 135 953 172 1012; x_wconf 80' lang='lat' dir='ltr'>acl</span> <span class='ocrx_word' id='word_1_61' title='bbox 199 951 313 1012; x_wconf 83' lang='lat' dir='ltr'>tundunt</span> <span class='ocrx_word' id='word_1_62' title='bbox 334 940 458 1025; x_wconf 75' lang='lat' dir='ltr'>igitur&#39;</span> <span class='ocrx_word' id='word_1_63' title='bbox 446 969 487 1010; x_wconf 75' lang='grc' dir='ltr'>αι’</span> <span class='ocrx_word' id='word_1_64' title='bbox 509 945 688 1024; x_wconf 84' lang='lat' dir='ltr'>particula,</span> <span class='ocrx_word' id='word_1_65' title='bbox 697 971 771 1023; x_wconf 83' lang='lat' dir='ltr'>qnae</span> <span class='ocrx_word' id='word_1_66' title='bbox 793 953 852 1008; x_wconf 81' lang='lat' dir='ltr'>vim</span> <span class='ocrx_word' id='word_1_67' title='bbox 875 971 958 1018; x_wconf 81' lang='lat' dir='ltr'>anam</span> <span class='ocrx_word' id='word_1_68' title='bbox 980 955 1105 1012; x_wconf 82' lang='lat' dir='ltr'>traxiaae</span> <span class='ocrx_word' id='word_1_69' title='bbox 1127 956 1172 1012; x_wconf 80' lang='lat' dir='ltr'>ri·</span> 
     </span>
     <span class='ocr_line' id='line_1_10' title="bbox 134 1022 1174 1110; baseline 0 -16"><span class='ocrx_word' id='word_1_70' title='bbox 134 1036 258 1096; x_wconf 81' lang='lat' dir='ltr'>letare</span> <span class='ocrx_word' id='word_1_71' title='bbox 279 1035 438 1110; x_wconf 80' lang='lat' dir='ltr'>praeterito</span> <span class='ocrx_word' id='word_1_72' title='bbox 456 1041 586 1109; x_wconf 79' lang='lat' dir='ltr'>tempore</span> <span class='ocrx_word' id='word_1_73' title='bbox 607 1035 687 1092; x_wconf 79' lang='lat' dir='ltr'>verbi</span> <span class='ocrx_word' id='word_1_74' title='bbox 711 1022 807 1107; x_wconf 83' lang='grc' dir='ltr'>ι1ναι,</span> <span class='ocrx_word' id='word_1_75' title='bbox 827 1031 939 1108; x_wconf 75' lang='lat' dir='ltr'>aliquid</span> <span class='ocrx_word' id='word_1_76' title='bbox 961 1034 1174 1110; x_wconf 71' lang='lat' dir='ltr'>aliquando</span> 
     </span>
     <span class='ocr_line' id='line_1_11' title="bbox 136 1107 1173 1192; baseline -0.003 -10"><span class='ocrx_word' id='word_1_77' title='bbox 136 1121 276 1182; x_wconf 82' lang='lat' dir='ltr'>iactum</span> <span class='ocrx_word' id='word_1_78' title='bbox 298 1137 381 1180; x_wconf 80' lang='lat' dir='ltr'>aare</span> <span class='ocrx_word' id='word_1_79' title='bbox 409 1120 507 1192; x_wconf 86' lang='lat' dir='ltr'>ponit,</span> <span class='ocrx_word' id='word_1_80' title='bbox 540 1120 583 1178; x_wconf 90' lang='lat' dir='ltr'>ita</span> <span class='ocrx_word' id='word_1_81' title='bbox 602 1107 643 1178; x_wconf 79' lang='lat' dir='ltr'>el</span> <span class='ocrx_word' id='word_1_82' title='bbox 672 1117 829 1192; x_wconf 89' lang='lat' dir='ltr'>particula,</span> <span class='ocrx_word' id='word_1_83' title='bbox 860 1139 935 1192; x_wconf 78' lang='lat' dir='ltr'>qaae</span> <span class='ocrx_word' id='word_1_84' title='bbox 961 1117 1086 1178; x_wconf 76' lang='lat' dir='ltr'>dubitari</span> <span class='ocrx_word' id='word_1_85' title='bbox 1112 1141 1173 1180; x_wconf 88' lang='lat' dir='ltr'>non</span> 
     </span>
     <span class='ocr_line' id='line_1_12' title="bbox 136 1199 1174 1304; baseline 0.001 -45"><span class='ocrx_word' id='word_1_86' title='bbox 136 1213 232 1277; x_wconf 83' lang='lat' dir='ltr'>potaat</span> <span class='ocrx_word' id='word_1_87' title='bbox 259 1202 333 1275; x_wconf 75' lang='lat' dir='ltr'>quin</span> <span class='ocrx_word' id='word_1_88' title='bbox 359 1199 397 1258; x_wconf 80' lang='lat' dir='ltr'>ad</span> <span class='ocrx_word' id='word_1_89' title='bbox 427 1199 542 1260; x_wconf 78' lang='lat' dir='ltr'>molum</span> <span class='ocrx_word' id='word_1_90' title='bbox 568 1202 729 1274; x_wconf 84' lang='lat' dir='ltr'>optativum</span> <span class='ocrx_word' id='word_1_91' title='bbox 756 1203 894 1304; x_wconf 82' lang='lat' dir='ltr'>temporie</span> <span class='ocrx_word' id='word_1_92' title='bbox 915 1206 1075 1277; x_wconf 74' lang='lat' dir='ltr'>praetentio</span> <span class='ocrx_word' id='word_1_93' title='bbox 1097 1205 1174 1266; x_wconf 83' lang='lat' dir='ltr'>aina-</span> 
     </span>
     <span class='ocr_line' id='line_1_13' title="bbox 137 1275 1173 1364; baseline 0.003 -21"><span class='ocrx_word' id='word_1_94' title='bbox 137 1285 203 1344; x_wconf 85' lang='lat' dir='ltr'>dem</span> <span class='ocrx_word' id='word_1_95' title='bbox 227 1286 308 1345; x_wconf 83' lang='lat' dir='ltr'>verbi</span> <span class='ocrx_word' id='word_1_96' title='bbox 339 1287 498 1359; x_wconf 80' lang='lat' dir='ltr'>pertineat,</span> <span class='ocrx_word' id='word_1_97' title='bbox 533 1293 563 1340; x_wconf 89' lang='lat' dir='ltr'>nt</span> <span class='ocrx_word' id='word_1_98' title='bbox 583 1303 654 1342; x_wconf 77' lang='lat' dir='ltr'>vera</span> <span class='ocrx_word' id='word_1_99' title='bbox 685 1284 779 1342; x_wconf 86' lang='lat' dir='ltr'>lorma</span> <span class='ocrx_word' id='word_1_100' title='bbox 807 1277 876 1364; x_wconf 72' lang='lat' dir='ltr'>ei&#39;p,</span> <span class='ocrx_word' id='word_1_101' title='bbox 900 1288 1034 1360; x_wconf 83' lang='lat' dir='ltr'>primam</span> <span class='ocrx_word' id='word_1_102' title='bbox 1060 1288 1091 1345; x_wconf 89' lang='lat' dir='ltr'>in</span> <span class='ocrx_word' id='word_1_103' title='bbox 1115 1275 1173 1352; x_wconf 80' lang='lat' dir='ltr'>aia.</span> 
     </span>
     <span class='ocr_line' id='line_1_14' title="bbox 139 1355 1174 1441; baseline 0 -13"><span class='ocrx_word' id='word_1_104' title='bbox 139 1369 214 1436; x_wconf 85' lang='lat' dir='ltr'>unde</span> <span class='ocrx_word' id='word_1_105' title='bbox 244 1371 349 1428; x_wconf 76' lang='lat' dir='ltr'>mansit</span> <span class='ocrx_word' id='word_1_106' title='bbox 376 1369 463 1432; x_wconf 84' lang='lat' dir='ltr'>etiam</span> <span class='ocrx_word' id='word_1_107' title='bbox 492 1367 593 1425; x_wconf 83' lang='lat' dir='ltr'>rocula</span> <span class='ocrx_word' id='word_1_108' title='bbox 628 1355 711 1440; x_wconf 78' lang='lat' dir='ltr'>aler,</span> <span class='ocrx_word' id='word_1_109' title='bbox 740 1387 815 1441; x_wconf 77' lang='lat' dir='ltr'>quae</span> <span class='ocrx_word' id='word_1_110' title='bbox 844 1368 961 1430; x_wconf 74' lang='lat' dir='ltr'>utrem</span> <span class='ocrx_word' id='word_1_111' title='bbox 981 1378 1024 1438; x_wconf 80' lang='lat' dir='ltr'>eat</span> <span class='ocrx_word' id='word_1_112' title='bbox 1042 1390 1059 1428; x_wconf 92' lang='lat' dir='ltr'>a</span> <span class='ocrx_word' id='word_1_113' title='bbox 1080 1371 1174 1428; x_wconf 81' lang='lat' dir='ltr'>torma</span> 
     </span>
     <span class='ocr_line' id='line_1_15' title="bbox 139 1437 1173 1549; baseline -0.002 -38"><span class='ocrx_word' id='word_1_114' title='bbox 139 1455 252 1514; x_wconf 88' lang='lat' dir='ltr'>numeri</span> <span class='ocrx_word' id='word_1_115' title='bbox 284 1451 407 1526; x_wconf 75' lang='lat' dir='ltr'>pluralia</span> <span class='ocrx_word' id='word_1_116' title='bbox 436 1437 502 1512; x_wconf 75' lang='lat' dir='ltr'>aiae</span> <span class='ocrx_word' id='word_1_117' title='bbox 528 1470 581 1525; x_wconf 81' lang='lat' dir='ltr'>pro</span> <span class='ocrx_word' id='word_1_118' title='bbox 611 1441 743 1549; x_wconf 72' lang='grc' dir='ltr'><em>εἴησαν,</em></span> <span class='ocrx_word' id='word_1_119' title='bbox 764 1441 888 1524; x_wconf 78' lang='lat' dir='ltr'>matuta,</span> <span class='ocrx_word' id='word_1_120' title='bbox 909 1451 1009 1510; x_wconf 85' lang='lat' dir='ltr'>tlein&#39;</span> <span class='ocrx_word' id='word_1_121' title='bbox 999 1473 1032 1510; x_wconf 83' lang='grc' dir='ltr'>ιι</span> <span class='ocrx_word' id='word_1_122' title='bbox 1054 1439 1084 1516; x_wconf 68' lang='lat' dir='ltr'>ei</span> <span class='ocrx_word' id='word_1_123' title='bbox 1109 1461 1173 1510; x_wconf 82' lang='lat' dir='ltr'>cor-</span> 
     </span>
     <span class='ocr_line' id='line_1_16' title="bbox 139 1524 1186 1610; baseline 0 -16"><span class='ocrx_word' id='word_1_124' title='bbox 139 1546 232 1608; x_wconf 86' lang='lat' dir='ltr'>repta,</span> <span class='ocrx_word' id='word_1_125' title='bbox 252 1535 378 1608; x_wconf 79' lang='lat' dir='ltr'>denique</span> <span class='ocrx_word' id='word_1_126' title='bbox 402 1535 511 1591; x_wconf 81' lang='lat' dir='ltr'>abiecto</span> <span class='ocrx_word' id='word_1_127' title='bbox 534 1543 651 1593; x_wconf 85' lang='lat' dir='ltr'>accentu</span> <span class='ocrx_word' id='word_1_128' title='bbox 673 1524 703 1595; x_wconf 79' lang='lat' dir='ltr'>cl</span> <span class='ocrx_word' id='word_1_129' title='bbox 725 1537 883 1607; x_wconf 74' lang='lat' dir='ltr'>pepererit,</span> <span class='ocrx_word' id='word_1_130' title='bbox 906 1527 937 1596; x_wconf 79' lang='lat' dir='ltr'>ei</span> <span class='ocrx_word' id='word_1_131' title='bbox 956 1537 1049 1610; x_wconf 72' lang='lat' dir='ltr'>igitur</span> <span class='ocrx_word' id='word_1_132' title='bbox 1065 1549 1123 1602; x_wconf 78' lang='lat' dir='ltr'>tlon</span> <span class='ocrx_word' id='word_1_133' title='bbox 1136 1533 1186 1594; x_wconf 61' lang='grc' dir='ltr'>ιώ</span> 
     </span>
     <span class='ocr_line' id='line_1_17' title="bbox 141 1615 1172 1694; baseline -0.001 -16"><span class='ocrx_word' id='word_1_134' title='bbox 141 1620 354 1690; x_wconf 84' lang='lat' dir='ltr'>experientiam</span> <span class='ocrx_word' id='word_1_135' title='bbox 369 1624 432 1675; x_wconf 82' lang='lat' dir='ltr'>rer&#39;n</span> <span class='ocrx_word' id='word_1_136' title='bbox 450 1624 573 1686; x_wconf 84' lang='lat' dir='ltr'>revocat,</span> <span class='ocrx_word' id='word_1_137' title='bbox 591 1615 642 1674; x_wconf 87' lang='lat' dir='ltr'>aed</span> <span class='ocrx_word' id='word_1_138' title='bbox 659 1625 769 1674; x_wconf 87' lang='lat' dir='ltr'>tantum</span> <span class='ocrx_word' id='word_1_139' title='bbox 781 1617 866 1676; x_wconf 83' lang='lat' dir='ltr'>modo</span> <span class='ocrx_word' id='word_1_140' title='bbox 877 1617 985 1678; x_wconf 80' lang='lat' dir='ltr'>indicat</span> <span class='ocrx_word' id='word_1_141' title='bbox 997 1640 1050 1678; x_wconf 81' lang='lat' dir='ltr'>noa</span> <span class='ocrx_word' id='word_1_142' title='bbox 1060 1619 1172 1694; x_wconf 78' lang='lat' dir='ltr'>aliquid</span> 
     </span>
     <span class='ocr_line' id='line_1_18' title="bbox 141 1694 1175 1776; baseline 0.003 -18"><span class='ocrx_word' id='word_1_143' title='bbox 141 1702 204 1768; x_wconf 78' lang='lat' dir='ltr'>aula</span> <span class='ocrx_word' id='word_1_144' title='bbox 232 1702 405 1772; x_wconf 70' lang='lat' dir='ltr'>cogitatione</span> <span class='ocrx_word' id='word_1_145' title='bbox 432 1709 530 1757; x_wconf 83' lang='lat' dir='ltr'>noatra</span> <span class='ocrx_word' id='word_1_146' title='bbox 554 1718 679 1773; x_wconf 87' lang='lat' dir='ltr'>ponere,</span> <span class='ocrx_word' id='word_1_147' title='bbox 707 1703 791 1772; x_wconf 71' lang='lat' dir='ltr'>qiuari</span> <span class='ocrx_word' id='word_1_148' title='bbox 814 1719 875 1758; x_wconf 85' lang='lat' dir='ltr'>vox</span> <span class='ocrx_word' id='word_1_149' title='bbox 902 1694 932 1764; x_wconf 78' lang='lat' dir='ltr'>ci</span> <span class='ocrx_word' id='word_1_150' title='bbox 958 1705 1079 1776; x_wconf 87' lang='lat' dir='ltr'>antiquo</span> <span class='ocrx_word' id='word_1_151' title='bbox 1101 1714 1175 1772; x_wconf 73' lang='lat' dir='ltr'>tana·</span> 
     </span>
     <span class='ocr_line' id='line_1_19' title="bbox 142 1781 1175 1859; baseline 0.001 -17"><span class='ocrx_word' id='word_1_152' title='bbox 142 1805 212 1859; x_wconf 87' lang='lat' dir='ltr'>pore</span> <span class='ocrx_word' id='word_1_153' title='bbox 234 1803 288 1858; x_wconf 89' lang='lat' dir='ltr'>per</span> <span class='ocrx_word' id='word_1_154' title='bbox 299 1803 341 1842; x_wconf 87' lang='grc' dir='ltr'>,ιι</span> <span class='ocrx_word' id='word_1_155' title='bbox 358 1790 502 1840; x_wconf 75' lang='lat' dir='ltr'>constaret</span> <span class='ocrx_word' id='word_1_156' title='bbox 516 1781 766 1856; x_wconf 73' lang='lat' dir='ltr'>significaretquer</span> <span class='ocrx_word' id='word_1_157' title='bbox 787 1786 826 1840; x_wconf 84' lang='lat' dir='ltr'>eit</span> <span class='ocrx_word' id='word_1_158' title='bbox 838 1783 899 1844; x_wconf 80' lang='lat' dir='ltr'>loc.</span> <span class='ocrx_word' id='word_1_159' title='bbox 919 1837 927 1848; x_wconf 83' lang='grc'><strong>,</strong></span> <span class='ocrx_word' id='word_1_160' title='bbox 941 1782 1039 1858; x_wconf 83' lang='lat' dir='ltr'>Saepe</span> <span class='ocrx_word' id='word_1_161' title='bbox 1054 1805 1175 1842; x_wconf 80' lang='lat' dir='ltr'>nonacro</span> 
     </span>
     <span class='ocr_line' id='line_1_20' title="bbox 141 1864 1176 1939; baseline -0.002 -11"><span class='ocrx_word' id='word_1_162' title='bbox 141 1871 222 1928; x_wconf 83' lang='lat' dir='ltr'>euim</span> <span class='ocrx_word' id='word_1_163' title='bbox 243 1871 274 1925; x_wconf 88' lang='lat' dir='ltr'>in</span> <span class='ocrx_word' id='word_1_164' title='bbox 296 1867 431 1932; x_wconf 72' lang='lat' dir='ltr'>omnibus</span> <span class='ocrx_word' id='word_1_165' title='bbox 451 1864 513 1922; x_wconf 82' lang='lat' dir='ltr'>lere</span> <span class='ocrx_word' id='word_1_166' title='bbox 533 1865 644 1939; x_wconf 71' lang='lat' dir='ltr'>liuguia</span> <span class='ocrx_word' id='word_1_167' title='bbox 661 1885 699 1922; x_wconf 84' lang='lat' dir='ltr'>ex</span> <span class='ocrx_word' id='word_1_168' title='bbox 720 1867 810 1924; x_wconf 80' lang='lat' dir='ltr'>verbo</span> <span class='ocrx_word' id='word_1_169' title='bbox 830 1877 914 1924; x_wconf 89' lang='lat' dir='ltr'>natae</span> <span class='ocrx_word' id='word_1_170' title='bbox 933 1876 1002 1926; x_wconf 86' lang='lat' dir='ltr'>nant</span> <span class='ocrx_word' id='word_1_171' title='bbox 1021 1868 1176 1926; x_wconf 72' lang='lat' dir='ltr'>eiusmodi</span> 
     </span>
     <span class='ocr_line' id='line_1_21' title="bbox 141 1945 1177 2025; baseline 0.001 -18"><span class='ocrx_word' id='word_1_172' title='bbox 141 1951 299 2025; x_wconf 73' lang='lat' dir='ltr'>particulae</span> <span class='ocrx_word' id='word_1_173' title='bbox 320 1960 348 2008; x_wconf 87' lang='lat' dir='ltr'>et</span> <span class='ocrx_word' id='word_1_174' title='bbox 366 1945 511 2022; x_wconf 83' lang='lat' dir='ltr'>quandam</span> <span class='ocrx_word' id='word_1_175' title='bbox 532 1957 652 2006; x_wconf 78' lang='lat' dir='ltr'>natureae</span> <span class='ocrx_word' id='word_1_176' title='bbox 673 1960 759 2021; x_wconf 75' lang='lat' dir='ltr'>atqua</span> <span class='ocrx_word' id='word_1_177' title='bbox 779 1949 901 2020; x_wconf 73' lang='lat' dir='ltr'>originis</span> <span class='ocrx_word' id='word_1_178' title='bbox 922 1947 1008 2008; x_wconf 83' lang='lat' dir='ltr'>hatur</span> <span class='ocrx_word' id='word_1_179' title='bbox 1019 1953 1177 2023; x_wconf 72' lang='lat' dir='ltr'>particulae</span> 
     </span>
     <span class='ocr_line' id='line_1_22' title="bbox 142 2032 1177 2107; baseline -0.008 -9"><span class='ocrx_word' id='word_1_180' title='bbox 142 2033 363 2098; x_wconf 74' lang='lat' dir='ltr'>almititndtaem</span> <span class='ocrx_word' id='word_1_181' title='bbox 385 2032 506 2105; x_wconf 87' lang='lat' dir='ltr'>praebet</span> <span class='ocrx_word' id='word_1_182' title='bbox 533 2033 623 2090; x_wconf 86' lang='lat' dir='ltr'>etiam</span> <span class='ocrx_word' id='word_1_183' title='bbox 650 2049 745 2089; x_wconf 79' lang='lat' dir='ltr'>sermo</span> <span class='ocrx_word' id='word_1_184' title='bbox 775 2033 966 2091; x_wconf 80' lang='lat' dir='ltr'>recentiorum</span> <span class='ocrx_word' id='word_1_185' title='bbox 992 2033 1177 2107; x_wconf 79' lang='lat' dir='ltr'>populorum.</span> 
     </span>
     <span class='ocr_line' id='line_1_23' title="bbox 45 2107 1256 2189; baseline -0.007 -14"><span class='ocrx_word' id='word_1_186' title='bbox 45 2137 54 2144; x_wconf 91' lang='lat'>·</span> <span class='ocrx_word' id='word_1_187' title='bbox 141 2115 326 2189; x_wconf 85' lang='lat' dir='ltr'>Numquam</span> <span class='ocrx_word' id='word_1_188' title='bbox 355 2107 527 2180; x_wconf 79' lang='lat' dir='ltr'>elmodam</span> <span class='ocrx_word' id='word_1_189' title='bbox 550 2115 620 2175; x_wconf 88' lang='lat' dir='ltr'>olim</span> <span class='ocrx_word' id='word_1_190' title='bbox 642 2111 747 2175; x_wconf 83' lang='lat' dir='ltr'>Graeci</span> <span class='ocrx_word' id='word_1_191' title='bbox 769 2115 918 2178; x_wconf 77' lang='lat' dir='ltr'>aixerunt:</span> <span class='ocrx_word' id='word_1_192' title='bbox 949 2109 1073 2182; x_wconf 75' lang='lat' dir='ltr'>elta,—</span> <span class='ocrx_word' id='word_1_193' title='bbox 1099 2109 1177 2188; x_wconf 79' lang='lat' dir='ltr'>cl&#39;tc,</span> <span class='ocrx_word' id='word_1_194' title='bbox 1253 2159 1256 2167; x_wconf 93' lang='lat'><em>.</em></span> 
     </span>
     <span class='ocr_line' id='line_1_24' title="bbox 142 2191 1175 2280; baseline -0.002 -22"><span class='ocrx_word' id='word_1_195' title='bbox 142 2200 222 2273; x_wconf 82' lang='lat' dir='ltr'>quod</span> <span class='ocrx_word' id='word_1_196' title='bbox 255 2201 415 2272; x_wconf 74' lang='lat' dir='ltr'>antiquitus</span> <span class='ocrx_word' id='word_1_197' title='bbox 450 2196 526 2256; x_wconf 83' lang='lat' dir='ltr'>nihil</span> <span class='ocrx_word' id='word_1_198' title='bbox 561 2198 618 2256; x_wconf 82' lang='lat' dir='ltr'>luit</span> <span class='ocrx_word' id='word_1_199' title='bbox 645 2197 725 2256; x_wconf 87' lang='lat' dir='ltr'>aliud</span> <span class='ocrx_word' id='word_1_200' title='bbox 756 2199 830 2256; x_wconf 80' lang='lat' dir='ltr'>niaie</span> <span class='ocrx_word' id='word_1_201' title='bbox 869 2192 920 2280; x_wconf 67' lang='grc' dir='ltr'>εἴη</span> <span class='ocrx_word' id='word_1_202' title='bbox 942 2219 1036 2261; x_wconf 82' lang='grc' dir='ltr'>τε-</span> <span class='ocrx_word' id='word_1_203' title='bbox 1059 2191 1111 2280; x_wconf 82' lang='lat' dir='ltr'>ai&#39;r</span> <span class='ocrx_word' id='word_1_204' title='bbox 1130 2219 1175 2267; x_wconf 78' lang='grc' dir='ltr'>τε,</span> 
     </span>
     <span class='ocr_line' id='line_1_25' title="bbox 142 2280 1176 2356; baseline -0.003 -15"><span class='ocrx_word' id='word_1_205' title='bbox 142 2287 183 2341; x_wconf 80' lang='lat' dir='ltr'>sic</span> <span class='ocrx_word' id='word_1_206' title='bbox 213 2282 300 2342; x_wconf 76' lang='lat' dir='ltr'>lindie</span> <span class='ocrx_word' id='word_1_207' title='bbox 326 2280 512 2356; x_wconf 77' lang='lat' dir='ltr'>Francogalli</span> <span class='ocrx_word' id='word_1_208' title='bbox 537 2280 651 2339; x_wconf 78' lang='lat' dir='ltr'>dicunt:</span> <span class='ocrx_word' id='word_1_209' title='bbox 681 2286 796 2340; x_wconf 83' lang='lat' dir='ltr'>aoit-</span> <span class='ocrx_word' id='word_1_210' title='bbox 819 2285 891 2352; x_wconf 77' lang='lat' dir='ltr'>coit,</span> <span class='ocrx_word' id='word_1_211' title='bbox 921 2291 956 2340; x_wconf 82' lang='lat' dir='ltr'>et</span> <span class='ocrx_word' id='word_1_212' title='bbox 968 2303 1035 2345; x_wconf 85' lang='lat' dir='ltr'>nor</span> <span class='ocrx_word' id='word_1_213' title='bbox 1059 2302 1176 2356; x_wconf 75' lang='lat' dir='ltr'>quicque</span> 
     </span>
     <span class='ocr_line' id='line_1_26' title="bbox 142 2364 1178 2440; baseline -0.002 -16"><span class='ocrx_word' id='word_1_214' title='bbox 142 2365 173 2425; x_wconf 82' lang='lat' dir='ltr'>it</span> <span class='ocrx_word' id='word_1_215' title='bbox 195 2368 300 2424; x_wconf 83' lang='lat' dir='ltr'>imitari</span> <span class='ocrx_word' id='word_1_216' title='bbox 323 2385 492 2440; x_wconf 76' lang='lat' dir='ltr'>possumus,</span> <span class='ocrx_word' id='word_1_217' title='bbox 521 2383 586 2422; x_wconf 89' lang='lat' dir='ltr'>cum</span> <span class='ocrx_word' id='word_1_218' title='bbox 608 2364 744 2422; x_wconf 83' lang='lat' dir='ltr'>dicimus:</span> <span class='ocrx_word' id='word_1_219' title='bbox 776 2369 816 2424; x_wconf 85' lang='lat' dir='ltr'>aei</span> <span class='ocrx_word' id='word_1_220' title='bbox 839 2384 930 2422; x_wconf 87' lang='lat' dir='ltr'>ea·-</span> <span class='ocrx_word' id='word_1_221' title='bbox 890 2369 993 2424; x_wconf 87' lang='lat' dir='ltr'>-aci</span> <span class='ocrx_word' id='word_1_222' title='bbox 1013 2385 1058 2439; x_wconf 82' lang='lat' dir='ltr'>ee,</span> <span class='ocrx_word' id='word_1_223' title='bbox 1089 2367 1130 2423; x_wconf 88' lang='lat' dir='ltr'>uti</span> <span class='ocrx_word' id='word_1_224' title='bbox 1150 2365 1178 2424; x_wconf 82' lang='lat' dir='ltr'>ri</span> 
     </span>
     <span class='ocr_line' id='line_1_27' title="bbox 143 2448 1179 2523; baseline -0.002 -16"><span class='ocrx_word' id='word_1_225' title='bbox 143 2448 235 2508; x_wconf 78' lang='lat' dir='ltr'>alicasz</span> <span class='ocrx_word' id='word_1_226' title='bbox 268 2453 310 2506; x_wconf 82' lang='lat' dir='ltr'>rei</span> <span class='ocrx_word' id='word_1_227' title='bbox 334 2468 364 2506; x_wconf 83' lang='lat' dir='ltr'>aa</span> <span class='ocrx_word' id='word_1_228' title='bbox 385 2449 430 2506; x_wconf 82' lang='lat' dir='ltr'>oia</span> <span class='ocrx_word' id='word_1_229' title='bbox 450 2449 627 2520; x_wconf 61' lang='lat' dir='ltr'>hiltrudae,</span> <span class='ocrx_word' id='word_1_230' title='bbox 653 2453 693 2505; x_wconf 85' lang='lat' dir='ltr'>eci</span> <span class='ocrx_word' id='word_1_231' title='bbox 721 2466 751 2505; x_wconf 80' lang='lat' dir='ltr'>aa</span> <span class='ocrx_word' id='word_1_232' title='bbox 770 2449 815 2506; x_wconf 86' lang='lat' dir='ltr'>ola</span> <span class='ocrx_word' id='word_1_233' title='bbox 840 2450 1018 2523; x_wconf 80' lang='lat' dir='ltr'>Leraemler,</span> <span class='ocrx_word' id='word_1_234' title='bbox 1043 2458 1073 2506; x_wconf 87' lang='lat' dir='ltr'>et</span> <span class='ocrx_word' id='word_1_235' title='bbox 1102 2466 1179 2520; x_wconf 80' lang='lat' dir='ltr'>qaae</span> 
     </span>
     <span class='ocr_line' id='line_1_28' title="bbox 143 2523 1179 2605; baseline -0.003 -15"><span class='ocrx_word' id='word_1_236' title='bbox 143 2541 213 2590; x_wconf 80' lang='lat' dir='ltr'>aunt</span> <span class='ocrx_word' id='word_1_237' title='bbox 246 2531 363 2588; x_wconf 81' lang='lat' dir='ltr'>similia.</span> <span class='ocrx_word' id='word_1_238' title='bbox 418 2527 478 2588; x_wconf 79' lang='lat' dir='ltr'>Sed</span> <span class='ocrx_word' id='word_1_239' title='bbox 505 2523 573 2588; x_wconf 81' lang='lat' dir='ltr'>nolo</span> <span class='ocrx_word' id='word_1_240' title='bbox 604 2529 640 2588; x_wconf 85' lang='lat' dir='ltr'>de</span> <span class='ocrx_word' id='word_1_241' title='bbox 666 2528 712 2586; x_wconf 82' lang='lat' dir='ltr'>laia</span> <span class='ocrx_word' id='word_1_242' title='bbox 739 2532 824 2588; x_wconf 87' lang='lat' dir='ltr'>rebna</span> <span class='ocrx_word' id='word_1_243' title='bbox 853 2550 1000 2605; x_wconf 77' lang='lat' dir='ltr'>pugnaret</span> <span class='ocrx_word' id='word_1_244' title='bbox 1037 2531 1070 2604; x_wconf 73' lang='lat' dir='ltr'>tit</span> <span class='ocrx_word' id='word_1_245' title='bbox 1100 2534 1179 2588; x_wconf 88' lang='lat' dir='ltr'>enim</span> 
     </span>
     <span class='ocr_line' id='line_1_29' title="bbox 144 2609 1180 2687; baseline -0.002 -15"><span class='ocrx_word' id='word_1_246' title='bbox 144 2615 243 2672; x_wconf 74' lang='lat' dir='ltr'>nescio</span> <span class='ocrx_word' id='word_1_247' title='bbox 267 2634 325 2684; x_wconf 73' lang='lat' dir='ltr'>quio</span> <span class='ocrx_word' id='word_1_248' title='bbox 345 2609 444 2684; x_wconf 88' lang='lat' dir='ltr'>modo,</span> <span class='ocrx_word' id='word_1_249' title='bbox 466 2615 527 2668; x_wconf 89' lang='lat' dir='ltr'>nt</span> <span class='ocrx_word' id='word_1_250' title='bbox 518 2633 549 2669; x_wconf 88' lang='grc' dir='ltr'>ιιι</span> <span class='ocrx_word' id='word_1_251' title='bbox 572 2609 627 2680; x_wconf 75' lang='lat' dir='ltr'>lroc</span> <span class='ocrx_word' id='word_1_252' title='bbox 648 2632 755 2686; x_wconf 78' lang='lat' dir='ltr'>genere</span> <span class='ocrx_word' id='word_1_253' title='bbox 776 2632 858 2670; x_wconf 84' lang='lat' dir='ltr'>annm</span> <span class='ocrx_word' id='word_1_254' title='bbox 880 2616 983 2687; x_wconf 82' lang='lat' dir='ltr'>cuique</span> <span class='ocrx_word' id='word_1_255' title='bbox 1003 2615 1098 2686; x_wconf 69' lang='lat' dir='ltr'>magia</span> <span class='ocrx_word' id='word_1_256' title='bbox 1116 2612 1180 2684; x_wconf 88' lang='lat' dir='ltr'>pla·</span> 
     </span>
     <span class='ocr_line' id='line_1_30' title="bbox 145 2692 1180 2771; baseline -0.003 -16"><span class='ocrx_word' id='word_1_257' title='bbox 145 2705 228 2771; x_wconf 81' lang='lat' dir='ltr'>caat,</span> <span class='ocrx_word' id='word_1_258' title='bbox 255 2716 342 2768; x_wconf 87' lang='lat' dir='ltr'>quam</span> <span class='ocrx_word' id='word_1_259' title='bbox 371 2695 534 2751; x_wconf 79' lang='lat' dir='ltr'>sortasse</span> <span class='ocrx_word' id='word_1_260' title='bbox 525 2714 556 2751; x_wconf 86' lang='grc' dir='ltr'>ιιι</span> <span class='ocrx_word' id='word_1_261' title='bbox 577 2693 642 2751; x_wconf 84' lang='lat' dir='ltr'>aliia</span> <span class='ocrx_word' id='word_1_262' title='bbox 664 2696 762 2752; x_wconf 78' lang='lat' dir='ltr'>rebus.</span> <span class='ocrx_word' id='word_1_263' title='bbox 809 2692 886 2751; x_wconf 87' lang='grc' dir='ltr'>111ιιι1</span> <span class='ocrx_word' id='word_1_264' title='bbox 912 2703 1007 2754; x_wconf 86' lang='lat' dir='ltr'>nutem</span> <span class='ocrx_word' id='word_1_265' title='bbox 1028 2715 1081 2768; x_wconf 88' lang='lat' dir='ltr'>pro</span> <span class='ocrx_word' id='word_1_266' title='bbox 1103 2705 1180 2752; x_wconf 89' lang='lat' dir='ltr'>certo</span> 
     </span>
     <span class='ocr_line' id='line_1_31' title="bbox 145 2765 1282 2858; baseline -0.003 -19"><span class='ocrx_word' id='word_1_267' title='bbox 145 2781 302 2838; x_wconf 80' lang='lat' dir='ltr'>adiiranare</span> <span class='ocrx_word' id='word_1_268' title='bbox 329 2797 496 2858; x_wconf 65' lang='lat' dir='ltr'>meamne,</span> <span class='ocrx_word' id='word_1_269' title='bbox 529 2767 560 2838; x_wconf 75' lang='lat' dir='ltr'>al</span> <span class='ocrx_word' id='word_1_270' title='bbox 589 2765 757 2849; x_wconf 74' lang='grc' dir='ltr'>ιιιιι1οιι1ιιιι</span> <span class='ocrx_word' id='word_1_271' title='bbox 780 2774 856 2834; x_wconf 75' lang='lat' dir='ltr'>lianc</span> <span class='ocrx_word' id='word_1_272' title='bbox 875 2776 983 2836; x_wconf 77' lang='lat' dir='ltr'>habere</span> <span class='ocrx_word' id='word_1_273' title='bbox 1005 2781 1067 2836; x_wconf 86' lang='lat' dir='ltr'>rina</span> <span class='ocrx_word' id='word_1_274' title='bbox 1088 2795 1121 2835; x_wconf 89' lang='lat' dir='ltr'>ao</span> <span class='ocrx_word' id='word_1_275' title='bbox 1141 2781 1182 2837; x_wconf 86' lang='lat' dir='ltr'>ai·</span> <span class='ocrx_word' id='word_1_276' title='bbox 1277 2785 1282 2794; x_wconf 84' lang='lat'>&#39;</span> 
     </span>
     <span class='ocr_line' id='line_1_32' title="bbox 146 2815 1183 2946; baseline 0.002 -28"><span class='ocrx_word' id='word_1_277' title='bbox 146 2863 379 2938; x_wconf 74' lang='lat' dir='ltr'>gallicatioaem,</span> <span class='ocrx_word' id='word_1_278' title='bbox 402 2873 431 2916; x_wconf 88' lang='lat' dir='ltr'>ut</span> <span class='ocrx_word' id='word_1_279' title='bbox 452 2815 584 2930; x_wconf 83' lang='lat' dir='ltr'>aliquam</span> <span class='ocrx_word' id='word_1_280' title='bbox 606 2879 667 2916; x_wconf 88' lang='lat' dir='ltr'>rem</span> <span class='ocrx_word' id='word_1_281' title='bbox 688 2862 862 2933; x_wconf 72' lang='lat' dir='ltr'>cogitatione</span> <span class='ocrx_word' id='word_1_282' title='bbox 884 2861 955 2918; x_wconf 67' lang='lat' dir='ltr'>linc·</span> <span class='ocrx_word' id='word_1_283' title='bbox 927 2881 955 2946; x_wconf 78' lang='lat' dir='ltr'>gr</span> <span class='ocrx_word' id='word_1_284' title='bbox 978 2862 1100 2932; x_wconf 73' lang='lat' dir='ltr'>indicet,</span> <span class='ocrx_word' id='word_1_285' title='bbox 1133 2849 1183 2920; x_wconf 71' lang='lat' dir='ltr'>sil</span> 
     </span>
     <span class='ocr_line' id='line_1_33' title="bbox 146 2908 1183 3018; baseline 0 -16"><span class='ocrx_word' id='word_1_286' title='bbox 146 2955 245 3002; x_wconf 85' lang='lat' dir='ltr'>utrum</span> <span class='ocrx_word' id='word_1_287' title='bbox 269 2964 303 3002; x_wconf 87' lang='lat' dir='ltr'>ea</span> <span class='ocrx_word' id='word_1_288' title='bbox 333 2963 380 3002; x_wconf 84' lang='lat' dir='ltr'>rea</span> <span class='ocrx_word' id='word_1_289' title='bbox 410 2961 478 3000; x_wconf 85' lang='lat' dir='ltr'>vera</span> <span class='ocrx_word' id='word_1_290' title='bbox 505 2961 542 3000; x_wconf 89' lang='lat' dir='ltr'>an</span> <span class='ocrx_word' id='word_1_291' title='bbox 569 2942 642 3000; x_wconf 80' lang='lat' dir='ltr'>falna</span> <span class='ocrx_word' id='word_1_292' title='bbox 671 2946 725 3015; x_wconf 89' lang='lat' dir='ltr'>ait,</span> <span class='ocrx_word' id='word_1_293' title='bbox 755 2953 851 3001; x_wconf 84' lang='lat' dir='ltr'>utrum</span> <span class='ocrx_word' id='word_1_294' title='bbox 872 2908 959 3003; x_wconf 82' lang='lat' dir='ltr'>sacta</span> <span class='ocrx_word' id='word_1_295' title='bbox 964 2945 1121 3018; x_wconf 73' lang='lat' dir='ltr'>aliqnando</span> <span class='ocrx_word' id='word_1_296' title='bbox 1145 2967 1183 3004; x_wconf 83' lang='lat' dir='ltr'>aa</span> 
     </span>
     <span class='ocr_line' id='line_1_34' title="bbox 147 3025 1184 3102; baseline 0.001 -17"><span class='ocrx_word' id='word_1_297' title='bbox 147 3049 207 3086; x_wconf 84' lang='lat' dir='ltr'>non</span> <span class='ocrx_word' id='word_1_298' title='bbox 229 3029 305 3085; x_wconf 83' lang='lat' dir='ltr'>lacta</span> <span class='ocrx_word' id='word_1_299' title='bbox 327 3027 504 3101; x_wconf 56' lang='lat' dir='ltr'>reperiatur,</span> <span class='ocrx_word' id='word_1_300' title='bbox 525 3027 592 3084; x_wconf 78' lang='lat' dir='ltr'>eina</span> <span class='ocrx_word' id='word_1_301' title='bbox 613 3027 656 3084; x_wconf 88' lang='lat' dir='ltr'>rei</span> <span class='ocrx_word' id='word_1_302' title='bbox 677 3025 819 3084; x_wconf 80' lang='lat' dir='ltr'>nihil</span> <span class='ocrx_word' id='word_1_303' title='bbox 773 3027 937 3101; x_wconf 73' lang='lat' dir='ltr'>significare</span> <span class='ocrx_word' id='word_1_304' title='bbox 958 3049 1011 3102; x_wconf 85' lang='lat' dir='ltr'>per</span> <span class='ocrx_word' id='word_1_305' title='bbox 1033 3049 1099 3088; x_wconf 86' lang='lat' dir='ltr'>aeae</span> <span class='ocrx_word' id='word_1_306' title='bbox 1119 3049 1184 3101; x_wconf 81' lang='lat' dir='ltr'>earn</span> 
     </span>
     <span class='ocr_line' id='line_1_35' title="bbox 168 3111 327 3170; baseline -0.014 0"><span class='ocrx_word' id='word_1_307' title='bbox 168 3111 327 3170; x_wconf 82' lang='lat' dir='ltr'>articulata.</span> 
     </span>
     <span class='ocr_line' id='line_1_36' title="bbox 146 3133 1185 3268; baseline 0.003 -18"><span class='ocrx_word' id='word_1_308' title='bbox 146 3133 167 3188; x_wconf 61' lang='grc' dir='ltr'><strong>Ρ</strong></span> <span class='ocrx_word' id='word_1_309' title='bbox 232 3192 309 3251; x_wconf 89' lang='lat' dir='ltr'>llinc</span> <span class='ocrx_word' id='word_1_310' title='bbox 336 3194 422 3250; x_wconf 87' lang='lat' dir='ltr'>etiam</span> <span class='ocrx_word' id='word_1_311' title='bbox 451 3189 524 3248; x_wconf 83' lang='lat' dir='ltr'>illul</span> <span class='ocrx_word' id='word_1_312' title='bbox 547 3189 661 3249; x_wconf 80' lang='lat' dir='ltr'>videtur</span> <span class='ocrx_word' id='word_1_313' title='bbox 684 3191 792 3249; x_wconf 81' lang='lat' dir='ltr'>lactum</span> <span class='ocrx_word' id='word_1_314' title='bbox 817 3211 897 3267; x_wconf 80' lang='lat' dir='ltr'>esee,</span> <span class='ocrx_word' id='word_1_315' title='bbox 926 3202 957 3252; x_wconf 83' lang='lat' dir='ltr'>nt</span> <span class='ocrx_word' id='word_1_316' title='bbox 983 3185 1014 3256; x_wconf 81' lang='lat' dir='ltr'>ci</span> <span class='ocrx_word' id='word_1_317' title='bbox 1043 3177 1185 3268; x_wconf 85' lang='lat' dir='ltr'>particula</span> 
     </span>
     <span class='ocr_line' id='line_1_37' title="bbox 145 3267 1184 3352; baseline -0.001 -17"><span class='ocrx_word' id='word_1_318' title='bbox 145 3297 212 3335; x_wconf 82' lang='lat' dir='ltr'>enm</span> <span class='ocrx_word' id='word_1_319' title='bbox 233 3267 366 3334; x_wconf 83' lang='lat' dir='ltr'>omrribna</span> <span class='ocrx_word' id='word_1_320' title='bbox 387 3276 467 3334; x_wconf 78' lang='lat' dir='ltr'>verbi</span> <span class='ocrx_word' id='word_1_321' title='bbox 488 3275 610 3348; x_wconf 77' lang='lat' dir='ltr'>formio,</span> <span class='ocrx_word' id='word_1_322' title='bbox 634 3277 739 3348; x_wconf 80' lang='lat' dir='ltr'>quibus</span> <span class='ocrx_word' id='word_1_323' title='bbox 760 3277 871 3350; x_wconf 79' lang='lat' dir='ltr'>aliquid</span> <span class='ocrx_word' id='word_1_324' title='bbox 891 3297 958 3335; x_wconf 84' lang='lat' dir='ltr'>esea</span> <span class='ocrx_word' id='word_1_325' title='bbox 979 3278 1077 3352; x_wconf 84' lang='lat' dir='ltr'>aliquo</span> <span class='ocrx_word' id='word_1_326' title='bbox 1099 3277 1184 3335; x_wconf 85' lang='lat' dir='ltr'>modo</span> 
     </span>
     <span class='ocr_line' id='line_1_38' title="bbox 29 3353 1185 3434; baseline -0.003 -15"><span class='ocrx_word' id='word_1_327' title='bbox 29 3371 33 3376; x_wconf 82' lang='lat'>&#39;</span> <span class='ocrx_word' id='word_1_328' title='bbox 148 3361 379 3434; x_wconf 73' lang='lat' dir='ltr'>significaretur,</span> <span class='ocrx_word' id='word_1_329' title='bbox 406 3361 553 3431; x_wconf 78' lang='lat' dir='ltr'>componi</span> <span class='ocrx_word' id='word_1_330' title='bbox 561 3353 703 3433; x_wconf 79' lang='lat' dir='ltr'>potnerit,</span> <span class='ocrx_word' id='word_1_331' title='bbox 724 3363 861 3432; x_wconf 84' lang='lat' dir='ltr'>qnoniam</span> <span class='ocrx_word' id='word_1_332' title='bbox 884 3359 1024 3432; x_wconf 81' lang='lat' dir='ltr'>quidquid</span> <span class='ocrx_word' id='word_1_333' title='bbox 1045 3360 1185 3418; x_wconf 81' lang='lat' dir='ltr'>declarari</span> 
     </span>
     <span class='ocr_line' id='line_1_39' title="bbox 41 3439 1185 3518; baseline -0.003 -17"><span class='ocrx_word' id='word_1_334' title='bbox 41 3507 52 3516; x_wconf 66' lang='lat'><em>,</em></span> <span class='ocrx_word' id='word_1_335' title='bbox 147 3465 203 3518; x_wconf 88' lang='lat' dir='ltr'>per</span> <span class='ocrx_word' id='word_1_336' title='bbox 224 3445 344 3501; x_wconf 79' lang='lat' dir='ltr'>verbum</span> <span class='ocrx_word' id='word_1_337' title='bbox 367 3444 479 3514; x_wconf 88' lang='lat' dir='ltr'>poterit,</span> <span class='ocrx_word' id='word_1_338' title='bbox 501 3439 579 3498; x_wconf 81' lang='lat' dir='ltr'>idem</span> <span class='ocrx_word' id='word_1_339' title='bbox 600 3443 687 3499; x_wconf 86' lang='lat' dir='ltr'>etiam</span> <span class='ocrx_word' id='word_1_340' title='bbox 701 3442 1185 3514; x_wconf 76' lang='lat' dir='ltr'>condicionaliterpoteritell&#39;erri.</span> 
     </span>
     <span class='ocr_line' id='line_1_40' title="bbox 141 3516 1186 3604; baseline -0.003 -21"><span class='ocrx_word' id='word_1_341' title='bbox 141 3525 239 3604; x_wconf 72' lang='lat' dir='ltr'>Quod</span> <span class='ocrx_word' id='word_1_342' title='bbox 260 3545 350 3599; x_wconf 79' lang='lat' dir='ltr'>qnam</span> <span class='ocrx_word' id='word_1_343' title='bbox 371 3525 412 3580; x_wconf 87' lang='lat' dir='ltr'>ita</span> <span class='ocrx_word' id='word_1_344' title='bbox 432 3526 486 3594; x_wconf 81' lang='lat' dir='ltr'>ait,</span> <span class='ocrx_word' id='word_1_345' title='bbox 507 3543 581 3596; x_wconf 79' lang='lat' dir='ltr'>qnae</span> <span class='ocrx_word' id='word_1_346' title='bbox 602 3523 639 3581; x_wconf 78' lang='lat' dir='ltr'>cie</span> <span class='ocrx_word' id='word_1_347' title='bbox 660 3525 871 3583; x_wconf 70' lang='lat' dir='ltr'>consociatione</span> <span class='ocrx_word' id='word_1_348' title='bbox 893 3516 923 3584; x_wconf 77' lang='grc' dir='ltr'>εἰ</span> <span class='ocrx_word' id='word_1_349' title='bbox 946 3525 1101 3596; x_wconf 80' lang='lat' dir='ltr'>particulae</span> <span class='ocrx_word' id='word_1_350' title='bbox 1122 3545 1186 3582; x_wconf 86' lang='lat' dir='ltr'>cnm</span> 
     </span>
     <span class='ocr_line' id='line_1_41' title="bbox 148 3604 1187 3684; baseline -0.004 -16"><span class='ocrx_word' id='word_1_351' title='bbox 148 3609 277 3684; x_wconf 72' lang='lat' dir='ltr'>cinguli·</span> <span class='ocrx_word' id='word_1_352' title='bbox 301 3607 386 3666; x_wconf 78' lang='lat' dir='ltr'>verbi</span> <span class='ocrx_word' id='word_1_353' title='bbox 407 3606 583 3678; x_wconf 79' lang='lat' dir='ltr'>temporibus</span> <span class='ocrx_word' id='word_1_354' title='bbox 604 3605 723 3664; x_wconf 77' lang='lat' dir='ltr'>dicentia</span> <span class='ocrx_word' id='word_1_355' title='bbox 745 3625 813 3663; x_wconf 85' lang='lat' dir='ltr'>erae</span> <span class='ocrx_word' id='word_1_356' title='bbox 837 3604 1010 3682; x_wconf 75' lang='lat' dir='ltr'>rideamne,</span> <span class='ocrx_word' id='word_1_357' title='bbox 1033 3627 1068 3666; x_wconf 90' lang='lat' dir='ltr'>ea</span> <span class='ocrx_word' id='word_1_358' title='bbox 1091 3611 1187 3682; x_wconf 76' lang='lat' dir='ltr'>potius</span> 
     </span>
     <span class='ocr_line' id='line_1_42' title="bbox 147 3677 1275 3766; baseline -0.004 -15"><span class='ocrx_word' id='word_1_359' title='bbox 147 3692 189 3751; x_wconf 74' lang='lat' dir='ltr'>aa</span> <span class='ocrx_word' id='word_1_360' title='bbox 212 3691 370 3750; x_wconf 75' lang='lat' dir='ltr'>doctrinam</span> <span class='ocrx_word' id='word_1_361' title='bbox 404 3697 565 3762; x_wconf 84' lang='lat' dir='ltr'>temporntn</span> <span class='ocrx_word' id='word_1_362' title='bbox 601 3707 688 3760; x_wconf 78' lang='lat' dir='ltr'>qnam</span> <span class='ocrx_word' id='word_1_363' title='bbox 718 3688 916 3761; x_wconf 84' lang='lat' dir='ltr'>particulae</span> <span class='ocrx_word' id='word_1_364' title='bbox 906 3692 1000 3761; x_wconf 85' lang='lat' dir='ltr'>rpaina</span> <span class='ocrx_word' id='word_1_365' title='bbox 1027 3695 1188 3766; x_wconf 84' lang='lat' dir='ltr'>pertinent,</span> <span class='ocrx_word' id='word_1_366' title='bbox 1257 3677 1275 3698; x_wconf 73' lang='lat'><strong>⁹</strong></span> 
     </span>
     <span class='ocr_line' id='line_1_43' title="bbox 151 3771 1188 3849; baseline -0.002 -17"><span class='ocrx_word' id='word_1_367' title='bbox 151 3777 223 3849; x_wconf 82' lang='lat' dir='ltr'>qnia</span> <span class='ocrx_word' id='word_1_368' title='bbox 243 3777 291 3834; x_wconf 80' lang='lat' dir='ltr'>via</span> <span class='ocrx_word' id='word_1_369' title='bbox 317 3793 350 3832; x_wconf 89' lang='lat' dir='ltr'>ac</span> <span class='ocrx_word' id='word_1_370' title='bbox 377 3780 481 3830; x_wconf 77' lang='lat' dir='ltr'>natura</span> <span class='ocrx_word' id='word_1_371' title='bbox 502 3771 661 3844; x_wconf 84' lang='lat' dir='ltr'>particulae</span> <span class='ocrx_word' id='word_1_372' title='bbox 681 3773 712 3827; x_wconf 89' lang='lat' dir='ltr'>in</span> <span class='ocrx_word' id='word_1_373' title='bbox 736 3773 867 3829; x_wconf 81' lang='lat' dir='ltr'>omnibns</span> <span class='ocrx_word' id='word_1_374' title='bbox 892 3771 939 3830; x_wconf 82' lang='lat' dir='ltr'>iria</span> <span class='ocrx_word' id='word_1_375' title='bbox 965 3773 1037 3832; x_wconf 77' lang='lat' dir='ltr'>loeis</span> <span class='ocrx_word' id='word_1_376' title='bbox 1058 3793 1117 3831; x_wconf 84' lang='lat' dir='ltr'>una</span> <span class='ocrx_word' id='word_1_377' title='bbox 1140 3793 1188 3832; x_wconf 86' lang='lat' dir='ltr'>ea-</span> 
     </span>
     <span class='ocr_line' id='line_1_44' title="bbox 151 3851 1189 3930; baseline -0.002 -14"><span class='ocrx_word' id='word_1_378' title='bbox 151 3859 277 3930; x_wconf 79' lang='lat' dir='ltr'>demqne</span> <span class='ocrx_word' id='word_1_379' title='bbox 298 3867 341 3914; x_wconf 83' lang='lat' dir='ltr'>eat</span> <span class='ocrx_word' id='word_1_380' title='bbox 361 3875 396 3913; x_wconf 86' lang='lat' dir='ltr'>ac</span> <span class='ocrx_word' id='word_1_381' title='bbox 417 3863 578 3928; x_wconf 86' lang='lat' dir='ltr'>temporam</span> <span class='ocrx_word' id='word_1_382' title='bbox 598 3851 724 3912; x_wconf 76' lang='lat' dir='ltr'>motatio</span> <span class='ocrx_word' id='word_1_383' title='bbox 739 3854 801 3912; x_wconf 84' lang='lat' dir='ltr'>aola</span> <span class='ocrx_word' id='word_1_384' title='bbox 821 3857 1012 3914; x_wconf 82' lang='lat' dir='ltr'>mutationem</span> <span class='ocrx_word' id='word_1_385' title='bbox 1026 3859 1189 3916; x_wconf 75' lang='lat' dir='ltr'>sententiae</span> 
     </span>
     <span class='ocr_line' id='line_1_45' title="bbox 150 3935 1022 4011; baseline -0.007 -12"><span class='ocrx_word' id='word_1_386' title='bbox 150 3940 252 4000; x_wconf 76' lang='lat' dir='ltr'>efficit.</span> <span class='ocrx_word' id='word_1_387' title='bbox 295 3937 378 3996; x_wconf 82' lang='lat' dir='ltr'>Dixit</span> <span class='ocrx_word' id='word_1_388' title='bbox 397 3939 434 3996; x_wconf 81' lang='lat' dir='ltr'>tle</span> <span class='ocrx_word' id='word_1_389' title='bbox 455 3957 488 3996; x_wconf 89' lang='lat' dir='ltr'>ea</span> <span class='ocrx_word' id='word_1_390' title='bbox 511 3958 544 3996; x_wconf 87' lang='lat' dir='ltr'>re</span> <span class='ocrx_word' id='word_1_391' title='bbox 564 3935 708 4011; x_wconf 69' lang='lat' dir='ltr'>Derariue</span> <span class='ocrx_word' id='word_1_392' title='bbox 730 3935 822 3994; x_wconf 78' lang='lat' dir='ltr'>roll</span> <span class='ocrx_word' id='word_1_393' title='bbox 855 3957 884 4011; x_wconf 89' lang='lat' dir='ltr'>p.</span> <span class='ocrx_word' id='word_1_394' title='bbox 904 3943 954 3994; x_wconf 83' lang='grc'>69.</span> <span class='ocrx_word' id='word_1_395' title='bbox 1021 3957 1022 3962; x_wconf 61' lang='grc'><strong>“</strong></span> 
     </span>
     <span class='ocr_line' id='line_1_46' title="bbox 237 4013 1381 4097; baseline -0.001 -18"><span class='ocrx_word' id='word_1_396' title='bbox 237 4021 353 4080; x_wconf 88' lang='lat' dir='ltr'>luterea</span> <span class='ocrx_word' id='word_1_397' title='bbox 372 4021 564 4090; x_wconf 83' lang='lat' dir='ltr'>lrocadnotn,</span> <span class='ocrx_word' id='word_1_398' title='bbox 587 4015 747 4080; x_wconf 80' lang='lat' dir='ltr'>lleraritrm</span> <span class='ocrx_word' id='word_1_399' title='bbox 763 4021 1013 4097; x_wconf 65' lang='lat' dir='ltr'>annuntiarem,</span> <span class='ocrx_word' id='word_1_400' title='bbox 1037 4020 1191 4096; x_wconf 78' lang='grc' dir='ltr'>ι1ιῐιιιιιι1ι</span> <span class='ocrx_word' id='word_1_401' title='bbox 1241 4019 1272 4066; x_wconf 84' lang='lat' dir='ltr'>l’·</span> <span class='ocrx_word' id='word_1_402' title='bbox 1291 4015 1336 4067; x_wconf 65' lang='grc'>98·</span> <span class='ocrx_word' id='word_1_403' title='bbox 1376 4013 1381 4016; x_wconf 60' lang='grc'><strong>’</strong></span> 
     </span>
    </p>
   </div>
   <div class='ocr_carea' id='block_1_3' title="bbox 135 4097 1237 4248">
    <p class='ocr_par' dir='ltr' id='par_1_3' title="bbox 135 4097 1237 4248">
     <span class='ocr_line' id='line_1_47' title="bbox 135 4097 1237 4226; baseline 0.001 -61"><span class='ocrx_word' id='word_1_404' title='bbox 135 4107 347 4180; x_wconf 66' lang='lat' dir='ltr'>mineorum</span> <span class='ocrx_word' id='word_1_405' title='bbox 374 4097 406 4167; x_wconf 79' lang='lat' dir='ltr'>ei</span> <span class='ocrx_word' id='word_1_406' title='bbox 437 4104 578 4180; x_wconf 83' lang='lat' dir='ltr'>particula</span> <span class='ocrx_word' id='word_1_407' title='bbox 610 4125 684 4184; x_wconf 24' lang='lat' dir='ltr'>,cumi</span> <span class='ocrx_word' id='word_1_408' title='bbox 712 4105 855 4182; x_wconf 78' lang='lat' dir='ltr'>sententia</span> <span class='ocrx_word' id='word_1_409' title='bbox 885 4125 939 4165; x_wconf 86' lang='lat' dir='ltr'>rua</span> <span class='ocrx_word' id='word_1_410' title='bbox 970 4123 1067 4226; x_wconf 54' lang='lat' dir='ltr'>:aeque</span> <span class='ocrx_word' id='word_1_411' title='bbox 1097 4105 1193 4166; x_wconf 81' lang='lat' dir='ltr'>locam</span> <span class='ocrx_word' id='word_1_412' title='bbox 1231 4115 1237 4130; x_wconf 95' lang='lat'><em>&#39;</em></span> 
     </span>
     <span class='ocr_line' id='line_1_48' title="bbox 920 4194 959 4248; baseline 0.051 -2"><span class='ocrx_word' id='word_1_413' title='bbox 920 4194 959 4248; x_wconf 83' lang='lat'>32</span> 
     </span>
    </p>
   </div>
   <div class='ocr_carea' id='block_1_4' title="bbox 0 0 1463 4584">
    <p class='ocr_par' dir='ltr' id='par_1_4' title="bbox 0 0 1463 4584">
     <span class='ocr_line' id='line_1_49' title="bbox 0 0 1463 4584; baseline 0 0"><span class='ocrx_word' id='word_1_414' title='bbox 0 0 1463 4584; x_wconf 95' lang='lat' dir='ltr'> </span> 
     </span>
    </p>
   </div>
  </div>
 </body>
</html>
