2916 4590
299 255 362 327 1⁰8
467 205 496 246 'l
590 217 596 224 r
789 281 848 324 αν.

222 467 224 474 ,
299 431 336 493 alr
356 427 410 508 eo,
432 436 465 488 nt
485 429 630 506 dicamus,
653 429 678 488 al
700 425 818 502 quidem
838 427 890 486 liat
912 432 962 485 ant
980 425 1045 486 lierl
1066 427 1168 502 possit,
1189 431 1277 501 atqua
1297 431 1341 486 sie
1438 465 1441 480 .

298 516 388 574 etiam
408 513 543 574 voluntas
565 521 664 572 nostra
683 509 824 588 proditur,
846 511 898 570 sed
919 519 1016 570 tamen
1035 531 1095 570 non
1116 509 1188 569 adeo
1209 519 1318 585 aperte.
1402 567 1404 572 .

323 590 329 596 ’
381 595 492 656 Eodem
514 595 600 656 modo
622 616 669 654 res
691 593 849 669 sehabet,
878 598 903 655 si
924 595 1065 669 particula
1084 585 1124 656 dv
1144 615 1207 653 cum
1227 595 1339 653 iudica·

297 680 359 740 tivo
394 681 494 741 aoristi
523 688 574 738 aut
599 679 764 754 imperfecti
794 686 843 737 aut
874 678 1153 754 plusquamperfeeti
1187 677 1338 737 coniuncta

268 765 422 846 ⁸legitur,
452 763 489 823 ds
521 765 626 838 quibus
656 763 728 823 locis
760 771 838 821 recte
866 763 1022 838 explicavit
1050 759 1197 821 Denarius
1225 783 1256 838 p.
1286 769 1338 822 30.

296 845 484 930 Quamquam
513 848 548 906 iu
577 847 700 922 singulis
725 845 953 920 interpretandis
978 847 1048 904 locis
1073 845 1172 919 paullo
1197 847 1337 922 pinguius

295 952 361 991 rem
388 932 539 1008 tractarit,
565 939 597 990 ut
625 929 703 1004 qnod
732 933 766 990 in
795 927 931 989 lsocratis
957 933 1129 1004 Prrncpyrioo
1177 971 1185 986 .
1211 930 1263 987 75.
1291 929 1337 988 ed.

295 1013 396 1074 Bekk.
417 1037 448 1090 p.
473 1016 542 1074 155.
565 1013 610 1075 ed.
631 1011 672 1074 H.
695 1009 799 1088 Steph.
821 1014 928 1073 verba:
965 998 1010 1074 ὧν
1040 1001 1135 1074 οὖδέν
1162 1033 1203 1073 αν
1230 1003 1337 1096 ἔπρα-

297 1093 373 1174 ξαν,
403 1091 434 1162 εἰ
459 1092 505 1182 μὴ
533 1093 622 1160 πολὺ
642 1093 702 1180 σὴν
723 1090 824 1180 φύσιν
845 1089 1031 1181 διήνεγκαν,
1059 1096 1266 1170 interpretatus
1291 1101 1338 1157 est

295 1178 421 1241 Latiuer
456 1199 575 1259 quorum
597 1181 670 1240 nihil
694 1179 804 1254 efficere
830 1184 1001 1258 potuissent,
1033 1178 1112 1253 quod
1136 1188 1198 1237 erat
1220 1186 1336 1240 verten-

294 1263 380 1324 dumr
413 1283 531 1342 quoram
556 1263 629 1322 nilril
654 1261 808 1338 effecissent
833 1270 883 1321 aut
912 1261 1062 1338 officerent.
1105 1259 1166 1322 Sed
1194 1260 1267 1322 lraec
1294 1284 1336 1323 ex

293 1347 344 1424 iir,
365 1367 441 1422 quaa
462 1355 490 1406 et
512 1349 579 1420 ipse
598 1343 747 1406 Devarius
764 1346 923 1422 disputarit
947 1354 976 1406 et
995 1365 1050 1406 noa
1072 1345 1165 1406 adhuc
1186 1345 1335 1408 adnotavi-

293 1451 371 1507 mus,
395 1451 470 1489 unus
493 1433 619 1504 quisque
638 1430 726 1490 facile
746 1433 871 1505 corriget
891 1433 965 1505 ipse.

378 1510 689 1591 Difficilior'quaestio
709 1523 762 1590 est,
784 1535 871 1588 quam
893 1515 1031 1590 quoniam
1043 1510 1189 1572 Devarins
1205 1511 1260 1580 lroc
1273 1512 1336 1572 lo'co

295 1597 407 1676 attigit,
436 1595 485 1654 hie
515 1596 720 1672 exponendam
748 1599 886 1674 arbitror,
915 1619 987 1655 num
1010 1597 1105 1672 possit
1129 1595 1271 1671 particula
1295 1589 1347 1660 ἂν
1400 1631 1402 1635 -

293 1702 360 1739 cum
389 1679 556 1740 iudicatiris
586 1689 752 1756 temporum
781 1701 899 1756 eorum,
930 1699 1005 1756 quae
1031 1679 1163 1740 absoluta
1191 1679 1335 1755 dicuntur,

292 1767 474 1840 praesentis,
502 1764 643 1840 perlecti,
671 1764 763 1823 futuri
784 1765 928 1840 componi.
972 1763 1041 1844 Quo
1061 1764 1097 1824 de
1118 1785 1173 1822 usu
1196 1760 1335 1826 universo

292 1869 389 1926 quom
400 1843 547 1907 Denarius
568 1871 598 1924 p.
620 1853 670 1908 30.
692 1847 855 1922 praefracte
875 1839 1089 1924 denegavisset,
1111 1856 1207 1908 tamen
1229 1872 1260 1923 p.
1282 1852 1334 1908 32.

292 1934 435 1992 concessit
462 1931 575 2006 aliquid
603 1929 640 1990 de
668 1929 783 2006 futuro,
814 1939 847 1990 nt
876 1935 909 1991 iu
938 1931 1079 2007 singulari
1107 1939 1220 1990 tantum
1247 1933 1334 1993 modo

292 2017 505 2075 enuntiationis
544 2013 713 2074 condicione
749 2015 847 2074 futuro
882 2007 922 2077 dv
952 2014 1123 2090 particulam
1145 2017 1334 2078 concederet.

292 2096 355 2159 Sed
382 2102 439 2158 ista
468 2106 566 2156 tamen
587 2098 733 2174 condicio,
760 2120 817 2174 qua
839 2095 987 2158 Derarius
1008 2099 1107 2158 futuro
1128 2102 1268 2159 concessit
1293 2090 1334 2161 tir

291 2181 480 2258 particulam,
503 2184 564 2242 eius
584 2181 664 2242 modi
686 2192 747 2258 est,
771 2192 803 2243 ut
825 2181 900 2244 milri
921 2204 938 2242 a
958 2181 1075 2257 reliquo
1095 2204 1151 2243 usu
1173 2183 1347 2258 particulae¹

292 2267 424 2342 separari
454 2285 543 2340 posse
570 2269 630 2324 nou
658 2264 801 2325 rideatur.
852 2265 948 2346 Quam
977 2267 1015 2324 ob
1042 2287 1106 2326 rem
1135 2276 1196 2325 tum
1217 2269 1333 2327 demum

291 2349 333 2410 de*
354 2349 414 2410 illis
443 2350 515 2410 locis
545 2349 689 2427 dicemus,
718 2357 873 2430 postquam
898 2349 934 2410 de
955 2351 1036 2410 omni
1056 2349 1111 2410 hac
1132 2349 1263 2412 doctriua
1280 2371 1333 2412 ox·

289 2437 484 2512 posuerimus.
656 2447 661 2455 '

373 2515 476 2592 Atque
504 2522 537 2574 ut
564 2517 691 2594 ingenus
714 2516 828 2593 fatear,
858 2537 934 2592 qnae
957 2501 1029 2578 m'ea'
1043 2515 1080 2578 rle
1100 2539 1154 2578 usn
1173 2519 1332 2594 particulae

289 2591 331 2664 iia
359 2603 392 2661 iu
424 2602 602 2676 temporssrus
634 2599 772 2661 absolutis
800 2603 904 2677 opinio
934 2604 989 2676 sit,
1022 2623 1082 2660 nou
1112 2603 1197 2666 cre'do
1229 2623 1284 2679 ego
1310 2624 1332 2670 a

288 2681 409 2752 Graecis
431 2685 637 2760 scriptoribus,
666 2692 790 2762 excepto
809 2686 933 2747 fortasse
953 2683 1084 2745 Homero
1105 2695 1134 2746 et
1157 2686 1331 2760 quibusdam

172 2771 175 2782 ¹
288 2769 447 2846 singularia
468 2768 590 2828 alicuius
615 2769 730 2830 dialecti
751 2772 926 2846 auctoribus,
946 2769 1117 2844 particulam
1130 2760 1178 2836 ,liv
1199 2791 1265 2830 cnm
1283 2771 1331 2828 iu·

288 2852 412 2916 dicatiro
432 2853 523 2912 futuri
545 2860 595 2910 aut
616 2856 780 2928 praesentis
800 2870 904 2915 reram
922 2860 1114 2914 constructam
1135 2873 1209 2927 esse,
1227 2862 1260 2914 ut
1279 2874 1329 2912 eos

172 2952 177 2957 ’
205 2989 209 3001 .
285 2935 377 3014 locos,
398 2939 450 3012 qni
471 2934 528 2995 huc
547 2937 642 2994 facere
664 2938 838 3020 rideantur„
850 2947 909 3014 aut,
927 2959 1015 3012 quom
1035 2941 1164 3012 corrupti
1184 2939 1329 3012 legemur,

214 3035 220 3046 '
285 3019 484 3080 emendandos
515 3026 584 3096 aut,
615 3021 643 3084 ai
666 3017 818 3096 depravati
837 3041 898 3081 uou
922 3023 1000 3098 sint,
1029 3023 1115 3082 aliter
1138 3021 1328 3100 explicandos

286 3107 472 3166 existumem.
778 3125 786 3140 ε
999 3109 1002 3116 ’

368 3185 420 3247 Ac
445 3186 573 3260 primum
600 3185 718 3259 quidem
741 3185 836 3246 dicam
858 3187 896 3248 de
915 3181 1062 3264 praesenti
1082 3193 1221 3264 tempore.
1263 3183 1328 3247 Va·

285 3276 363 3330 teres
392 3269 511 3346 quidem
540 3273 721 3347 grammatici
742 3284 922 3347 negaverunt
941 3293 1028 3348 posse
1051 3293 1116 3331 cum
1136 3270 1191 3332 hoc
1211 3277 1240 3330 et
1263 3292 1328 3333 cum

284 3353 384 3413 futuro
409 3353 594 3430 particulam
608 3344 648 3416 dv
673 3357 830 3433 coniungi,
857 3356 934 3415 conl.
957 3359 1080 3432 scriptor
1098 3361 1141 3414 De
1160 3360 1276 3428 sputum
1294 3357 1327 3413 iu

284 3433 309 3495 l.
338 3428 471 3499 Bekkcri
496 3435 642 3520 Anecdot.
668 3438 775 3500 roll.
802 3462 833 3515 p.
857 3446 927 3500 126.
953 3429 1016 3516 Ἓξ
1036 3427 1094 3502 odo
1112 3430 1328 3522 ὑπαρχόντων

283 3513 418 3603 χρόνων,
435 3517 620 3596 ἐνεσεῶυος.
632 3523 873 3608 πορατατικοῦ,
884 3517 1141 3606 παρακειμένου,
1154 3523 1210 3586 καὶ
1223 3515 1328 3606 ὑπερ-

285 3601 485 3682 συνσελιιιοῦ,
510 3598 678 3686 ἀορίστου,
700 3603 887 3682 μέλλοντος,
910 3602 1064 3671 ἐνεστῶτι
1086 3601 1143 3669 καὶ
1162 3625 1328 3690 παρακει-

282 3683 372 3774 μένῳ
399 3682 456 3752 καὶ
472 3683 636 3771 μέλλοντι
664 3681 705 3753 οὔ
731 3684 949 3754 συντάσσεται
967 3681 1012 3792 ld
1041 3683 1224 3769 σύνδεσμος
1241 3679 1326 3765 ,dal

282 3771 355 3846 τοῖς
381 3765 495 3851 μέντοι
522 3792 542 3833 τ
564 3766 611 3835 toi
639 3774 711 3850 τοῖς
732 3770 867 3854 λοιπαῖς
887 3795 982 3855 παρα
1003 3773 1182 3847 uduornic
1204 3776 1326 3856 σοφοῖς

283 3845 483 3938 εὑρίσκεται.
496 3861 525 3915 et
567 3857 714 3932 pollonius
725 3855 1022 3930 vanitantium.
1034 3877 1098 3932 cap.
1111 3863 1140 3916 6.
1151 3880 1182 3933 μ,
1194 3862 1255 3917 204
1266 3878 1325 3932 erp,

282 3941 335 4010 qui
363 3946 462 4022 aperte
486 3940 553 4015 ipse
579 3959 696 4014 quoque
724 3941 873 4014 loquitnrz
912 3934 1010 4003 aori
1037 3937 1259 4027 προυέμχεσαὶ
1286 3938 1322 4021 [ὁ

282 4012 323 4082 aa
350 4016 550 4101 σύνδεσμος]
580 4021 652 4096 τοῖς
679 4019 872 4100 δυναμένοις
898 4016 957 4108 τὴν
982 4017 1064 4107 ὕλην
1080 4018 1189 4096 ,αὐτοῦ
1210 4045 1323 4109 παρα-

282 4097 465 4182 δέξασθαι*
498 4093 773 4189 δ’μροφονδὶν,
807 4098 1323 4196 ἐ’γραψα,ἄι,’ἒγεγράφει
