2922 4592
450 343 455 350 .
571 375 579 380 ,
620 285 685 374 ορ.
1098 284 1177 352 εει.

108 458 205 532 ..τοῖς
225 450 441 541 ψηφίσμασιν
467 449 677 541 αίρούμτνοι,
704 451 764 522 ἐπὶ
782 455 830 542 τῷ
852 447 1010 540 πράττειν
1025 447 1107 532 nidd
1128 449 1172 519 τύ

119 535 238 622 ,μικρὰ
258 543 406 604 ποιεῖτε·
429 531 514 626 ἀλλὰ
535 539 577 604 τὰ
623 536 700 618 ικρύι
717 533 917 622 ποιήσαντες
935 535 991 603 καί
1011 535 1172 624 πορίσαν-

133 643 189 696 τος
209 615 340 697 τούτοις
354 619 571 706 προστίθετε,
593 562 634 688 dv
652 614 781 687 ε’λοίττιο
798 615 975 724 φαίνρται·
996 619 1101 702 λύγοι
1122 619 1170 706 δὴ

133 701 212 780 τοὺς
243 699 370 780 πάντας
400 700 607 790 στρατιώτας
637 699 817 783 δισχιλίους
847 726 913 767 κτε.
978 701 1026 764 cf.
1058 713 1174 780 pmeter

136 786 333 862 Hartuugium
361 788 382 846 Ι.
409 789 431 847 Ι.
458 811 487 864 p.
515 796 624 864 261sq.
654 791 844 864 potissumum
871 786 910 847 G.
931 784 975 846 Η.
995 784 1174 848 suessam

134 871 171 929 ad
189 869 319 946 Dionys.
340 867 412 930 Hal.
432 872 470 931 de
492 892 617 948 compos.
642 874 724 932 verb.
745 892 774 945 p.
800 875 861 932 190
880 892 927 946 sq.
1352 923 1357 930 .

141 989 149 998 ·
216 951 407 1028 Omninoque
445 964 599 1032 usurpatur
634 950 669 1018 δ’
706 954 864 1029 particula,
901 954 951 1013 ubi
990 951 1102 1028 aliquid
1135 949 1172 1012 ad
1188 937 1249 1008 ’Λῆ
1273 945 1353 994 ⁸⁶¹0·

134 1056 185 1112 es,
213 1057 289 1111 quaa
308 1048 545 1114 praeornatum,
575 1042 618 1098 ita
639 979 790 1113 adiioitar,
817 1046 851 1096 ut
870 1035 927 1097 hoo
947 1039 1045 1096 stetim
1064 1055 1099 1096 ae
1118 1037 1173 1098 rix
1190 1015 1282 1131 ΜΓ

134 1122 277 1180 absoluta·
292 1124 390 1195 priore
418 1139 451 1182 re
475 1123 541 1182 fleri
566 1123 719 1200 videatur,
741 1119 794 1180 ¹ati
818 1123 851 1180 in
876 1122 930 1180 illo
960 1118 1174 1195 Xenophontis
1189 1091 1278 1134 ’Μ’

133 1203 198 1262 Ῑοοο
229 1203 266 1262 de
298 1205 362 1276 Cyri
390 1207 551 1282 Disciplina
578 1206 632 1264 lib.
661 1204 687 1265 Ι.
716 1224 780 1278 cap.
810 1206 840 1262 5.
868 1208 896 1279 §.
923 1206 971 1288 5.,
1003 1224 1090 1278 quam
1117 1223 1172 1278 pro

134 1287 270 1361 exemplo
291 1298 451 1361 posuerunt
471 1290 667 1362 grammatici,
690 1289 741 1346 ubi
762 1297 916 1363 postquam
935 1288 1058 1361 scriptor
1078 1287 1171 1346 dixitz
1222 1349 1223 1360 ¹
1255 1283 1266 1292 ”

131 1368 263 1432 Edonas
280 1368 317 1434 δὲ
340 1363 430 1456 αύτῷ
450 1367 505 1433 καί
535 1367 766 1456 προσελέσθαι
796 1363 988 1444 διακοσίους
1007 1368 1070 1430 τῶν
1091 1360 1174 1446 δμο-

133 1446 255 1531 τίμιον·
278 1453 343 1515 τῶν
364 1444 395 1514 δ’
429 1443 471 1516 αύ
493 1448 673 1518 διακοσίων
702 1445 829 1537 ἑκάστῳ
857 1450 1017 1534 τέτταρας
1043 1444 1171 1514 ἔδωκαν

135 1529 366 1616 προσελέσθαι
388 1531 444 1597 καί
470 1530 606 1612 τούτους
628 1532 665 1602 ἐκ
686 1536 752 1598 τῶν
772 1528 959 1616 ὁμοτίμων,
979 1538 1040 1594 iam
1060 1537 1173 1611 pergite
1229 1589 1231 1593 .

135 1611 300 1698 γίγνονται
327 1612 367 1700 δι’]
396 1603 490 1682 οὗτοι
509 1614 637 1697 χίλιοι..
661 1622 774 1693 ,quibus
796 1621 828 1677 in
848 1621 948 1679 verbis
970 1615 1009 1702 δὴ
1031 1615 1173 1693 particula

135 1707 293 1774 propterea
312 1699 406 1758 loonm
428 1699 534 1776 habet,
563 1701 641 1776 quod
661 1703 780 1760 simulao
798 1710 946 1776 postrema
968 1702 1072 1761 electio
1092 1702 1171 1761 secta

135 1791 210 1858 arat,
230 1784 290 1841 iam
311 1791 394 1842 eraut
419 1791 460 1840 tot
484 1783 619 1845 hominei
640 1806 772 1845 numero.
802 1783 972 1859 Eodemque
989 1783 1076 1845 modo
1101 1783 1173 1842 dioi-

136 1875 183 1940 tur
209 1867 255 1925 in.
272 1865 375 1926 eodem
401 1868 505 1942 scripto
535 1869 587 1927 lib.
612 1865 671 1928 IV.
700 1888 762 1943 cap.
784 1874 813 1928 3.
836 1871 866 1940 ς.
891 1874 920 1925 3.
962 1859 1174 1946 Δακνόμενος

136 1944 178 2032 δὴ
205 1940 223 2010 ὁ
249 1948 366 2030 ’Κύρος
392 1943 451 2014 ἐπί
478 1943 622 2026 τούτοις,
651 1945 836 2027 ταῦταμὲν
863 1943 956 2030 ὅμως
977 1941 1175 2032 κατεχώριζε

30 2043 32 2047 ’
137 2023 203 2094 uei·
245 2029 280 2089 lu
293 2035 330 2090 iis
346 2033 436 2106 enirn,
461 2054 536 2108 qnae
552 2041 778 2109 antecesserunt,
800 2031 830 2092 id
843 2033 908 2092 fere
929 2033 989 2091 iam
1007 2031 1174 2090 contineba-

136 2124 191 2190 tur,
211 2114 357 2188 quodiam
370 2117 468 2175 verbis
483 2119 538 2192 iis,
553 2137 636 2192 quae
647 2117 736 2176 infert
750 2112 789 2200 δὴ
805 2114 962 2191 partionis,
983 2105 1174 2192 significatur.

218 2196 322 2279 Atque
343 2201 432 2258 stiam
451 2202 484 2258 in
506 2199 721 2274 reliquis·loois
743 2195 893 2272 omnibus,
912 2202 944 2258 in
964 2195 1071 2274 quibus
1084 2197 1173 2274 volgo

135 2279 233 2340 dicunt
262 2277 432 2358 particulam
462 2277 503 2366 δὴ
529 2284 622 2360 'plane
652 2285 713 2344 vim
742 2303 823 2342 suam
856 2285 979 2358 primam
1008 2304 1042 2341 ao
1073 2281 1174 2342 r'eram

135 2367 255 2424 exuisse
276 2375 305 2424 et
326 2368 367 2424 ita
387 2365 524 2426 secedere
544 2365 582 2428 ad
606 2368 726 2427 alteram
743 2367 915 2441 particulam
929 2364 1029 2450 δῆτα,
1052 2371 1085 2424 ut
1098 2361 1174 2423 nihil

136 2467 254 2521 prorsus
283 2469 433 2509 commune
460 2449 567 2509 habeat
595 2471 661 2508 anm
687 2450 839 2526 partioula'
852 2440 933 2533 ἤδη,
962 2449 1050 2509 facile
1076 2447 1174 2506 doceri

136 2537 233 2604 potest
254 2549 351 2590 veram
372 2533 531 2605 particulae
552 2535 797 2608 significationem
811 2553 870 2590 ττοτι
891 2534 1054 2590 evanuisse.
1094 2529 1173 2590 Nam

136 2632 226 2687 quom
249 2608 288 2694 δὴ
310 2614 482 2687 particulae,
517 2624 548 2674 ut
573 2635 662 2688 snpra
690 2616 831 2687 vidimus,
861 2635 917 2689 per
940 2635 971 2672 se
999 2614 1081 2672 nulla
1102 2623 1175 2670 tem·

31 2755 35 2760 ,
104 2734 107 2737 -
135 2696 216 2770 poris
242 2695 417 2768 significatio
440 2696 673 2768 adhaeresceret,
701 2696 754 2758 sed
776 2705 887 2756 tantum
904 2696 989 2754 modo
1011 2695 1175 2754 adfirmatio
1256 2734 1260 2741 -

138 2783 189 2853 ea,
217 2788 250 2836 ut
271 2777 307 2836 de
328 2779 427 2853 aliqua
452 2801 501 2854 ra,
534 2783 615 2855 quasi
638 2795 699 2839 rem
720 2783 780 2838 iam
800 2798 902 2839 revera
922 2781 1065 2854 cognitam
1084 2775 1175 2836 habe·
1244 2802 1248 2807 ·

68 2877 76 2890 ·
136 2881 235 2920 remus
244 2859 494 2935 „adseruaretur
514 2863 665 2937 perillam
687 2862 869 2938 particulam,
893 2863 1071 2921 noumirnm
1086 2859 1175 2919 dabat

137 2939 232 3007 videri
253 2944 361 3022 factam
382 2965 464 3019 esse,
492 2955 525 3004 ut
544 2948 577 3005 iu
600 2947 734 3006 omnibns
754 2947 792 3006 iis
814 2946 901 3020 locis,
930 2947 963 3004 in
984 2947 1091 3020 quibus
1112 2945 1174 3004 eius

137 3027 216 3087 modi
243 3025 405 3087 adfirmatio
431 3028 525 3087 locum
546 3025 655 3089 habere
676 3037 795 3104 posset,
823 3031 911 3088 etiam
930 3029 1011 3088 nulia
1035 3029 1175 3103 temporis

136 3113 284 3170 mantione
305 3114 428 3187 iniecta,
451 3113 638 3172 adhiberetur
656 3113 708 3172 ilia
726 3113 882 3188 particulas
905 3132 1078 3188 quamquam
1096 3113 1173 3170 ratio

136 3194 349 3254 adfirmationis
370 3196 449 3271 ipsa,
473 3217 562 3271 quom
582 3216 621 3255 ex
641 3197 716 3255 saeta
738 3217 771 3255 ra
792 3197 922 3272 profecta
943 3215 1009 3256 esse
1029 3196 1174 3272 videatur,
1292 3194 1297 3202 '

115 3277 288 3364 'quandam‘
313 3281 396 3352 qnasi
431 3283 569 3354 temporis
598 3282 749 3355 praeteriti
780 3281 928 3341 notionem
953 3281 986 3338 in
1016 3300 1054 3360 sa,
1075 3278 1173 3352 habet,
1361 3282 1366 3289 “

137 3361 305 3438 quodiam
325 3360 360 3419 fit
387 3365 419 3420 in
440 3367 611 3422 nostratium
637 3363 775 3439 particula
795 3365 897 3438 seton,
919 3363 971 3422 ssd
993 3372 1091 3420 tamen
1113 3361 1174 3418 alio

137 3445 263 3519 quodam
285 3443 370 3502 modo
397 3444 452 3502 hoo
477 3447 612 3520 intellegi
638 3447 733 3506 debet.
775 3443 883 3504 Differo
909 3446 988 3503 enim
1009 3443 1174 3501 adfirmatio
1222 3469 1227 3478 ¹

136 3529 190 3588 iila
211 3527 394 3602 temporalis,
416 3537 447 3585 ut
466 3531 507 3586 ita
527 3529 637 3603 dicam,
659 3529 824 3603 atemporis
838 3527 1050 3600 signiflearione
1064 3535 1172 3608 aperte.
1249 3551 1253 3559 ’

148 3633 151 3642 ·
200 3609 304 3670 ‘Haeo
330 3612 421 3685 igitur
446 3613 471 3668 si
497 3617 647 3686 tenemus,
672 3631 732 3670 nou
756 3611 863 3666 mirum
892 3611 991 3683 potest'
1007 3608 1118 3684 videri,
1146 3611 1192 3669 si·

138 3689 178 3778 dr}
205 3695 237 3753 in
265 3695 399 3752 omnibus
425 3695 463 3752 iis
492 3692 583 3768 loeis,
611 3694 662 3752 ubi
691 3691 856 3766 temporalis
878 3688 930 3750 illa
950 3691 1118 3754 adfirmatio
1135 3692 1173 3751 ad

137 3779 316 3854 singularem
336 3796 436 3836 vocem
457 3776 654 3846 adhaerescit,
680 3783 713 3834 ut
735 3784 832 3834 tamen
852 3773 890 3832 ad
909 3795 1025 3836 στττττοτττ
1045 3776 1173 3850 denique

137 3864 368 3923 enuntiationem
391 3861 493 3936 iaciat,
516 3863 642 3935 positum
668 3869 744 3918 ests
765 3856 897 3916 Graecis.

150 3951 154 3968 ’·
221 3943 337 4004 Horum
365 3952 460 4003 autem
483 3945 610 4003 looorum
637 3950 716 4002 tauta
744 3941 900 4000 multitudo
920 3947 1057 4015 tantaque
1076 3937 1191 4003 verim

138 4039 184 4088 tas
205 4036 266 4103 est,
293 4029 397 4087 utrix
419 4029 596 4104 generatim,
620 4026 728 4086 nedum
752 4024 937 4101 singiliatim,
960 4025 1076 4100 possint
1099 4021 1172 4084 enn-

30 4125 53 4152 ·’
137 4115 255 4174 merari.
299 4111 396 4191 Quam
416 4113 456 4196 μὴ
471 4132 532 4194 τοττι
554 4132 642 4188 quoru
664 4131 701 4172 ue
714 4126 794 4190 'opus
816 4108 934 4188 quddam
954 4117 1019 4172 esau
1038 4107 1172 4170 videatur
