2916 4590
634 259 695 336 άν.
1120 265 1184 338 ¹39

141 442 246 515 paucIs
262 437 381 515 qnidam
397 437 480 498 libris
495 437 644 514 legaretur
662 429 728 515 ἔχει
742 427 764 500 3
777 457 811 500 ‘ts
826 422 926 522 λέγού,
945 439 1073 515 plurumi
1087 451 1183 503 autem

35 526 42 532 ”
142 525 212 584 libri
239 516 414 584 exhuberent
441 515 506 600 ἔχει
529 517 549 585 3
569 543 604 584 ιι
624 517 729 600 λέχει,
756 541 853 597 nequa
873 521 958 582 oredo
980 545 1034 600 per
1054 547 1088 588 se
1108 529 1182 588 sitn-

143 611 244 683 perari
263 627 358 682 posse,
380 607 458 681 quod
477 604 556 665 idern
575 603 731 666 Bokkerus
751 607 785 663 in
805 603 919 682 Lysias
937 609 1066 669 oratione
1084 620 1183 672 contro

143 693 317 751 Andocidem
338 695 365 763 §.
385 695 436 752 42.
459 688 505 748 ed.
525 686 627 749 Bekis.
650 712 683 764 p.
699 695 768 750 ’106
793 697 929 750 extrsrna
949 691 995 750 ed.
1014 690 1056 752 Η.
1079 690 1183 770 Stspb.

143 775 250 834 edidit2
269 763 366 848 Ἴσως
386 763 444 836 οὖν
459 767 516 835 καὶ
530 770 703 856 Κηφισίου
715 763 1021 921 άντικαιηχορήσει,
1042 774 1099 840 καὶ
1118 773 1185 854 ἕξει

142 853 161 920 3
184 879 217 920 ss
239 854 338 943 λέχην
357 850 400 918 soi
420 849 484 938 χδιρ
505 847 620 938 άληθ”
639 851 701 938 χρὴ
724 852 762 922 λδ,
781 875 846 919 ειν·
867 855 909 921 αλ
960 851 1056 940 ὑμεῖς
1071 851 1186 924 odietis

94 943 96 950 ’
143 933 303 1004 δύναισθε
326 932 405 1012 κτῶ,
429 942 479 1001 ubi
492 939 562 1000 libri
583 878 652 1016 iias
670 934 689 1002 3
706 961 740 1004 τι
785 936 844 1022 ’γει
863 940 983 1019 babeat,
1004 944 1075 1004 olim
1088 953 1187 1004 antam

144 1021 211 1100 ἕξει
236 1020 257 1088 3
284 1045 319 1086 τι
344 1021 435 1105 λάχοι
462 1023 610 1084 edebatur.
651 1023 735 1105 Quid
762 1027 863 1086 animi
906 1024 943 1087 Si
972 1029 1005 1086 irr
1034 1027 1083 1090 bis
1111 1029 1184 1090 louis

63 1099 75 1114 ”
143 1129 202 1182 pro
223 1100 288 1186 ἔχει
312 1118 362 1168 aut
388 1103 457 1184 ἕξει
480 1127 607 1184 reponas
630 1101 677 1174 ούΙ
693 1106 781 1191 ζητεῖ
804 1115 853 1168 ast
875 1103 915 1172 ού
940 1104 1087 1194 ζητήσει,
1109 1106 1129 1176 3
1150 1133 1185 1176 ss

145 1187 351 1278 λέγιηχοουιιο
372 1191 473 1252 eadem
492 1193 638 1253 sententia
658 1200 703 1252 est
724 1213 799 1267 quaa
819 1197 853 1254 in
873 1192 1005 1254 Platonis
1024 1199 1185 1272 Ρνολοςοια

143 1277 206 1334 loco
234 1297 322 1351 supra
344 1277 489 1346 ,laudatae
531 1275 633 1336 Potuit
660 1280 740 1337 enim
761 1279 795 1338 in
823 1279 887 1338 eius
913 1278 994 1338 modi
1022 1279 1092 1339 loeis
1115 1299 1185 1338 oon·

83 1381 85 1383 ·
142 1362 286 1420 inactivus
309 1381 460 1436 eousque
483 1360 625 1437 adbiberi,
649 1361 719 1420 dum
740 1370 861 1422 eventus
883 1361 1008 1422 alienius
1028 1365 1074 1423 rsi
1094 1381 1185 1438 quas·
1231 1381 1235 1388 ’

142 1443 248 1504 raudus
262 1453 347 1506 esset.
390 1445 480 1526 Quod
498 1454 608 1522 munet,
629 1448 718 1506 etiam
736 1449 763 1516 si
783 1445 881 1512 banea
907 1441 975 1522 ἕξει
994 1440 1018 1508 δ’
1037 1443 1183 1533 παλάμῃ,

54 1601 57 1607 ¹
143 1528 266 1599 babebit,
297 1549 355 1589 οοο
379 1529 593 1607 ρυοδῶοοιίδ,
621 1530 671 1590 sed
692 1531 765 1608 ιχιιοδ
786 1531 878 1602 dieat,
907 1537 940 1588 ut
960 1532 1065 1608 etiam,
1093 1551 1182 1606 quom

88 1625 94 1631 ‘
142 1609 401 1687 habeas‚-eventus
423 1615 467 1672 rei
490 1612 702 1690 exspectandus
723 1615 770 1675 sit.

206 1693 287 1756 ‘Sed
308 1696 458 1756 redeamus
478 1699 538 1755 iam
558 1697 594 1755 ad
618 1699 805 1756 omissionem
819 1696 989 1771 particulae.
1032 1697 1090 1759 Illa
1103 1701 1184 1759 enim

141 1799 179 1837 ne
204 1782 237 1837 in
257 1781 320 1841 iltis
340 1780 460 1853 quidem
478 1780 570 1855 loeis,
599 1801 672 1854 quos
698 1779 801 1838 adtulit
819 1778 957 1853 deinceps
977 1779 1123 1841 Dararius
1144 1803 1184 1842 ax

141 1855 277 1938 Isocratis
304 1867 480 1938 Panegyrico
509 1866 537 1933 ξ.
568 1865 640 1920 162.
668 1861 715 1920 ed.
738 1859 838 1920 Bokk.
859 1862 989 1921 Plataico
1013 1865 1041 1934 ς.
1065 1867 1113 1922 14.
1136 1863 1185 1924 ed.

141 1943 245 2006 Bekk.
270 1968 301 2021 p.
324 1949 398 2004 299.
429 1942 474 2006 ed.
502 1942 544 2004 H.
565 1941 669 2020 Steph.
696 1951 726 2004 et
746 1948 775 2017 §.
796 1946 846 2002 ⁴2.
870 1943 916 2010 ed·
937 1941 1037 2006 Bekk.
1057 1969 1087 2022 p.
1112 1952 1183 2008 304.

141 2027 189 2089 ed.
211 2027 252 2088 H.
275 2023 382 2104 Stepb.
404 2031 585 2088 aminaea.
626 2025 701 2088 Atia
720 2047 820 2112 caussa
841 2036 886 2087 est
902 2025 1032 2088 locorum
1050 2025 1185 2092 Platonis

140 2133 181 2172 ex
210 2114 339 2173 Phaedro
369 2111 451 2171 Part.
470 2110 495 2170 l.
521 2112 585 2176 rot.
607 2109 633 2170 Ι.
660 2134 689 2188 p.
712 2117 783 2172 186.
812 2112 858 2172 ed.
880 2110 981 2172 Bekk.
1007 2136 1036 2189 p.
1061 2120 1112 2174 36.
1136 2115 1184 2175 ed.

140 2195 182 2254 Η.
207 2193 311 2278 steph.
333 2203 363 2256 et
379 2195 516 2256 lsooratis
536 2215 577 2256 ex
594 2199 766 2273 Ρσοεςχιὶοο
786 2199 815 2268 5.
833 2199 884 2258 86.
905 2195 950 2256 εδ.
969 2193 1068 2258 Bekk.
1087 2219 1116 2274 p.
1131 2201 1182 2258 58.

140 2280 186 2340 ed.
209 2277 250 2338 Η.
274 2278 396 2356 Steph.,
418 2281 470 2356 qui
490 2280 548 2340 loci
571 2297 611 2340 ex
633 2299 669 2340 eo
690 2287 911 2356 numerarunt,
934 2279 967 2339 in
988 2281 1094 2357 quibus
1115 2303 1183 2358 par·
1285 2321 1290 2332 ,

141 2363 228 2423 ticula
246 2358 302 2439 ἄν,
332 2385 421 2440 quom
442 2385 482 2424 ex
503 2365 657 2440 proxumis
677 2365 738 2440 peti
757 2363 868 2440 possit,
889 2369 968 2425 reete
989 2367 1098 2428 omissa
1119 2383 1183 2428 esse

142 2447 261 2524 dicatur,
282 2447 318 2508 de
339 2451 443 2524 quibus
466 2448 623 2524 disputarit
645 2445 684 2507 (i.
704 2446 894 2509 Hermaunss
915 2447 937 2507 1.
959 2449 980 2510 1.
1001 2469 1031 2526 p.
1049 2455 1109 2510 192
1125 2471 1182 2528 ιφ,

142 2551 160 2590 e
182 2551 240 2606 quo
264 2537 374 2592 tantum
393 2531 481 2592 modo
505 2535 539 2592 in
566 2553 602 2592 eo
628 2532 693 2592 toco
720 2531 877 2608 dissentio,
904 2551 993 2606 quem
1018 2553 1059 2594 ex
1078 2533 1182 2596 Xeno·

141 2614 262 2692 phontis
288 2620 410 2677 Hierone
436 2635 499 2692 cap.
525 2625 576 2676 11.
601 2619 630 2688 §.
660 2623 710 2678 12.
739 2618 880 2677 tractarit.
922 2615 968 2675 lbi
994 2635 1084 2691 quom
1110 2617 1183 2678 haee

140 2702 230 2760 rerba
252 2699 436 2775 legerentur:
469 2693 512 2763 Et
532 2697 570 2764 δέ
589 2719 641 2775 τις
662 2695 811 2774 κίνδυνος
832 2692 901 2782 εἴη.
932 2691 972 2762 οὐ
992 2694 1183 2782 συμμάχους

142 2778 261 2862 μόνον,
291 2776 378 2846 άλλδι
405 2779 460 2846 καὶ
480 2776 673 2868 προμάχους
695 2778 752 2846 καὶ
772 2776 974 2864 προθύμους
993 2776 1106 2890 δρῴρς
1126 2778 1179 2848 ἄν·

143 2863 279 2928 πολλῶν
305 2862 365 2944 μὲν
394 2863 526 2952 δωρεῶν
555 2857 764 2941 ἀξιούμενος,
797 2858 858 2930 oda
885 2859 1024 2952 άπορῶν
1048 2865 1086 2931 δε
1114 2863 1182 2954 δ’σῳ

143 2941 268 3010 τούτων
300 2939 429 3028 εὐμενεῖ
453 2943 671 3028 μεταδώσεις·
703 2943 833 3025 πάντας
858 2946 920 3028 μὲν
948 2969 989 3014 συ
1027 2941 1183 3054 αι’ρονεας

144 3025 225 3108 ἔχων
252 3023 311 3095 ἐπὶ
337 3032 408 3107 τοῖς
434 3032 509 3108 σοῖς
534 3023 693 3113 άχαθοῖς,
724 3027 853 3108 πάντας
881 3029 918 3097 δὲ
939 3053 987 3120 πρ
1027 3053 1093 3098 soro
1113 3036 1182 3101 σῶν

142 3110 257 3198 ῶσπερ
283 3114 349 3178 τῶν
373 3108 467 3180 ἰδίων
486 3113 705 3196 μαχομένους·
734 3112 929 3201 θησαυρούς
970 3115 1072 3198 aar
1093 3113 1182 3198 ἔχοις

140 3191 269 3273 πάντας
288 3194 365 3274 τοὺς
386 3195 482 3284 παρά
502 3200 574 3274 τοῖς
594 3191 913 3284 φίλοιςπλούσοος,
959 3199 1012 3260 oba
1043 3223 1109 3262 erus
1131 3221 1182 3259 an·
1206 3241 1213 3250 -

141 3291 210 3358 tem,
229 3280 377 3360 Bremius,
398 3282 559 3359 Reisigius,
582 3285 634 3342 alii
650 3283 812 3344 addebds'm
830 3293 896 3360 post
910 3277 999 3363 ἔχοις
1011 3283 1182 3362 particulam

141 3356 181 3428 δδν
201 3367 399 3443 censuissent,
417 3371 481 3443 ipse
501 3363 557 3426 hoo
577 3370 772 3444 necesstriu'ni
793 3387 857 3430 esse
877 3387 937 3428 non
954 3373 1086 3444 putavit,
1111 3370 1182 3441 quie

137 3448 194 3508 boe
224 3452 257 3509 in
288 3457 386 3511 mente
416 3450 569 3512 habuisset
600 3454 739 3528 scriptor:
771 3443 922 3514 κινδύνου
954 3443 984 3513 δ’
1015 3444 1056 3513 dv
1088 3443 1182 3526 ὄντος

137 3527 285 3612 μάλιστα
312 3530 373 3614 μὲν
400 3527 521 3610 αὐτοὺς
546 3535 746 3620 προθύμους
772 3527 900 3618 ὁρῴης,
927 3527 1124 3618 θησαυρούς
1143 3555 1181 3616 χι

85 3641 89 3649 ’
138 3611 205 3698 μὴν
233 3611 322 3696 ἔχοις
344 3613 423 3692 τοὺς
445 3609 553 3681 αύσῶν
573 3613 749 3694 πλούτους.
779 3616 857 3696 'Ego
876 3620 956 3678 enim
976 3619 1061 3680 credo
1083 3637 1180 3678 reces-

137 3702 214 3760 sisse
233 3703 403 3777 scriptorem
425 3703 462 3762 ab
476 3721 512 3763 ea
523 3705 647 3780 rotiana·
665 3721 753 3778 qnam
764 3703 797 3762 in
813 3702 1050 3765 antecedentibus
1065 3706 1191 3762 secutus

138 3792 210 3860 erut,
234 3794 264 3844 et
285 3807 373 3861 quom
394 3785 490 3847 dicere
512 3795 611 3863 posset
634 3793 664 3847 et
690 3779 778 3865 ἔχοις
799 3781 852 3858 ἄν,
877 3795 911 3843 ut
931 3786 964 3845 id
986 3785 1023 3844 sd
1043 3789 1180 3846 euentum

136 3877 331 3944 revocaretur,
352 3875 382 3929 et
403 3863 491 3950 ἔχοις
511 3872 694 3946 simpliciter,
714 3877 747 3926 ut
765 3867 797 3928 id
814 3874 925 3926 tantum
942 3867 1028 3926 modo
1048 3871 1082 3928 in
1101 3871 1180 3944 cogi·

136 3955 248 4013 tattone
267 3956 396 4030 positum
417 3961 512 4032 esset,
532 3953 589 4014 hoo
608 3954 767 4028 maluisse,
787 3957 822 4014 ut
841 3964 939 4024 neque
959 3951 1097 4012 addenda
1111 3969 1181 4027 par·

136 4037 224 4094 tinulo
252 4029 293 4100 ib
319 4055 386 4098 esse
408 4037 557 4114 videatur,
586 4053 684 4109 nequo
706 4055 747 4095 ax
769 4034 1022 4114 antecedentibus,
1047 4036 1079 4098 id
1100 4036 1180 4112 quod

135 4121 190 4180 rix
212 4119 348 4182 rideatur
366 4139 453 4195 posse
475 4119 553 4196 fieri,
573 4120 749 4192 cogitatione
768 4119 951 4180 admenta
