2922 4586
218 1397 220 1402 ,
275 1329 352 1404 quod
379 1329 447 1386 libri
476 1324 603 1384 Parisini
629 1332 658 1383 et
686 1321 904 1382 Laurentianus
935 1323 1094 1382 exbibents
1125 1318 1181 1385 ὅτε
1209 1318 1248 1402 δὴ
1279 1315 1297 1380 ὁ

153 369 158 376 ι
234 255 337 350 x338
404 256 410 270 ⁸
584 274 1059 359 yr'‚yiror,y.otiv.-
1139 249 1143 262 ⁸

269 453 361 515 ¹I‘acile
376 457 506 527 apparet.
543 445 631 528 and
645 465 726 506 secus
743 450 797 520 est,
820 445 845 504 si
860 434 1005 518 praecedit
1017 443 1075 504 tale
1088 445 1219 519 verbum,
1240 414 1340 520 quod·

274 542 371 600 minus
391 557 455 595 cum
477 531 618 608 particula
639 528 788 590 coalesdat.
830 526 881 588 Sic
903 531 983 588 enim
1003 549 1060 604 quo
1077 529 1262 589 referendum
1281 525 1319 608 γὲ

275 632 366 697 esset,
393 622 489 678 urinas
517 622 647 674 exstaret
674 616 772 688 itaque
800 615 896 671 minus
918 616 1058 672 concione
1079 625 1155 674 esset
1176 617 1267 672 oratio
1278 614 1317 686 *).

275 705 516 786 Quamobrem
538 702 570 760 in
592 696 803 776 Aristophanis
827 697 946 773 quidem
965 699 1171 757 Eooioaiozasis
1193 720 1222 758 v.
1246 700 1318 758 195.

274 793 325 854 ubi
345 788 416 850 lracc
437 785 596 856 habentur:
884 825 886 830 -

736 859 815 930 Mrpl‘
836 861 927 924 bition
946 862 999 916 νῦν
1015 863 1114 945 λέγειν.

461 930 499 988 Τὸ
517 927 693 1004 συμμαχικὸν
711 920 746 984 αὖ
763 929 850 1000 τοῦθ’,
869 927 908 983 ὅτ’
929 931 1150 1000 ἐσκοπουμεθα,,
1224 969 1228 983 .

457 1006 483 1056 ei
498 999 538 1072 μὴ
555 998 668 1070 γένοιτ’,
690 998 805 1052 ἀπολεῖν
823 1000 947 1068 ἔφασκον
965 996 1013 1066 τὴν
1031 993 1129 1053 πόλιν·

458 1067 500 1125 ὅτε
519 1065 552 1137 δή
569 1067 598 1140 γ’
619 1065 733 1136 ἐγένετ’,
752 1063 872 1152 {ipe-orm
889 1068 943 1120 κτὲ.

273 1159 420 1236 volgatam
443 1161 630 1232 scripturam,
659 1177 744 1231 quarn
773 1157 969 1230 comprobavit
996 1157 1084 1215 etiam
1109 1153 1178 1214 libri
1199 1150 1316 1210 Raven-

274 1248 351 1304 natis
380 1245 591 1315 testimoninm,
617 1260 675 1298 non
703 1240 809 1298 falsam
836 1243 1104 1314 pronuntiaverim,
1141 1255 1317 1335 quamquam

234 1473 236 1480 ,
275 1408 415 1491 ἐγένετο,
446 1431 499 1484 per
526 1429 588 1468 sese
615 1417 731 1481 optume
758 1407 830 1464 ferri
855 1409 887 1465 in
911 1427 946 1465 co
966 1408 1031 1465 Ioco
1053 1415 1157 1482 potest.
1199 1402 1265 1462 Hoc
1286 1409 1317 1459 ut
1374 1423 1384 1440 .

274 1497 317 1554 ita
339 1498 515 1554 existumem
535 1495 646 1552 faciunt
666 1493 728 1550 sere
744 1492 811 1564 loci,
835 1512 908 1566 quos
930 1494 1122 1565 posteriorum
1143 1491 1317 1562 scriptorum

275 1579 379 1638 adtulit
398 1577 438 1636 L.
458 1576 634 1637 Diodorfins
652 1575 673 1634 I.
692 1576 725 1652 I.,
745 1576 838 1636 veluti
858 1573 976 1634 Moschi
997 1576 1078 1648 rapat.
1099 1571 1158 1634 IV.
1171 1594 1201 1632 v.
1214 1577 1256 1632 70
1270 1591 1317 1644 sq.

786 1667 969 1742 Ἐπιγνώμων
986 1672 1021 1726 δέ
1037 1692 1077 1726 τοι
1094 1653 1161 1740 rial

418 1737 571 1814 ἀσχαλάαν,
591 1734 634 1795 ὅτε
650 1733 684 1808 dri
702 1743 800 1808 γεκαὶ
818 1737 990 1814 εὐφροσύνης
1006 1737 1171 1829 adportari.
1251 1797 1259 1806 „

479 1839 486 1863 Ι

276 1857 304 1908 et
328 1843 425 1934 μέχρι
447 1845 487 1952 dp
509 1867 544 1928 γε
574 1847 605 1903 in
626 1843 749 1905 Arataei
778 1846 841 1904 Ioco
863 1847 896 1904 de
917 1866 1009 1908 carras.
1032 1847 1100 1905 ditat.
1122 1865 1199 1923 poss.
1228 1851 1260 1913 1,
1285 1846 1315 1903 6.

216 1990 222 2001 ,
275 1956 305 2008 p.
329 1939 379 1990 32.
407 1940 435 1991 et
463 1927 577 2011 (ὥσπερ
599 1921 639 2012 δὴ
662 1949 698 2010 γε
726 1929 803 2004 apud
828 1927 972 1989 Gulosum
992 1931 1050 1989 vol.
1072 1927 1158 1989 VIII.
1180 1951 1209 2003 p.
1231 1930 1317 2001 746,

276 2018 381 2090 quibus
404 2017 437 2073 in
456 2015 529 2074 Iocis
554 2034 643 2088 quom
662 2008 759 2095 μέχρι
781 2006 831 2096 δή,
855 2010 970 2096 ὥσπερ
992 2009 1042 2096 δή,
1066 2010 1122 2077 lite
1145 2009 1196 2095 δή,
1220 2013 1316 2086 aptius

277 2103 430 2160 coniuncta
448 2105 555 2170 essent,
579 2099 630 2171 qui
652 2095 740 2156 vellet
759 2096 897 2156 adbibere
918 2093 955 2177 pa*
977 2098 1163 2173 particulam,
1182 2117 1242 2156 non
1263 2116 1316 2169 po-

277 2187 332 2241 tuit
356 2184 413 2240 nisi
433 2191 501 2256 post
523 2175 563 2264 δὴ
585 2199 650 2239 eam
669 2201 786 2254 ponere.
830 2180 1014 2262 Quamquam
1042 2182 1177 2241 videntur
1202 2187 1319 2239 veteres·

159 2252 166 2260 ⁶
205 2289 236 2305 ‘·
277 2270 431 2341 scriptores
447 2287 517 2325 eam
539 2264 677 2338 loquendi
699 2267 961 2323 rationem-nescio
982 2267 1143 2340 quomodo
1168 2267 1311 2324 vitavisse.

359 2349 441 2408 llaec
460 2349 560 2422 babai,
582 2368 666 2422 quae·
679 2347 715 2406 de
737 2349 924 2407 collocatione
945 2351 1102 2423 particulae
1123 2347 1159 2432 ys*
1181 2349 1310 2408 dicerem.

275 2432 353 2494 Nam
381 2453 456 2508 qnae
485 2455 509 2515 a⁴
523 2451 571 2490 me
593 2431 641 2491 bic
662 2441 712 2490 aut
732 2443 952 2510 commemorata
973 2455 1033 2492 non
1054 2443 1121 2492 sunt
1141 2445 1190 2492 aut
1211 2433 1312 2491 leviter

275 2527 387 2576 tantum
417 2517 502 2576 modo
532 2526 604 2574 tacta
634 2527 721 2591 suut,
752 2537 786 2576 ea
811 2517 898 2576 facile
920 2538 996 2594 unus
1021 2521 1145 2593 quisque
1169 2513 1316 2592 explicare

275 2606 341 2676 ipsc
363 2591 525 2682 poterit,'si
544 2602 710 2680 meminerit
727 2596 763 2681 ys*
786 2610 844 2659 tum
859 2600 975 2692 demum
989 2603 1025 2661 ab
1039 2607 1084 2678 eo,
1105 2625 1162 2678 quo
1178 2602 1315 2677 pertinet,

251 2687 365 2745 ‘verbo
387 2685 579 2743 discriminari
604 2703 707 2758 posse,
738 2687 776 2757 si,
806 2705 880 2759 quae
901 2685 1074 2758 interposita
1095 2697 1138 2745 est
1159 2707 1233 2759 vox,
1265 2689 1315 2741 aut

249 2769 388 2828 ‘nullam
409 2771 467 2827 vim
489 2767 578 2826 babet
590 2787 651 2840 per
670 2787 733 2826 sese
755 2775 803 2825 aut
822 2775 867 2828 est
888 2770 950 2828 eius
973 2768 1062 2845 modi,
1083 2774 1197 2843 etipsa
1218 2769 1314 2840 aptius

164 3033 198 3087 rr
216 3027 258 3102 aa.

276 2875 341 2912 cum
365 2851 555 2927 praecedente
575 2851 665 2910 verbo
683 2852 822 2909 coalescat
843 2850 967 2927 ideoque
991 2873 1050 2911 non
1073 2854 1159 2912 modo
1181 2872 1241 2911 non
1260 2852 1323 2909 im·'

275 2937 382 3012 pediat,
403 2935 454 2995 scd
475 2938 563 2993 etiam
586 2934 703 2993 adiuvet
724 2935 881 3008 particulae
901 2937 1084 2996 relationem.

360 3017 514 3094 Sequitur,
544 3026 575 3075 ut
603 3017 728 3076 dicamus
755 3017 791 3078 de
820 3021 986 3096 particulis,
1014 3041 1085 3097 quas
1111 3015 1148 3100 pri
1170 3018 1317 3077 adiunctas

274 3102 383 3162 babere
404 3101 507 3161 soleat.
550 3099 600 3160 Ac
619 3105 744 3176 primum
768 3103 886 3176 quidem
908 3102 943 3188 de
964 3101 1000 3184 ys*
1022 3099 1062 3245 dp
1083 3106 1147 3178 ipse
1166 3101 1315 3161 Derarius

168 3206 170 3210 ’
274 3188 454 3244 mentionem
470 3184 553 3242 ’fecit
575 3206 606 3259 p.
629 3186 679 3242 55.
704 3185 837 3260 dixitque
859 3190 1033 3247 accuratius·
1060 3209 1075 3246 e
1098 3187 1146 3246 bis
1167 3187 1315 3262 particulis

275 3269 352 3329 God.
372 3267 558 3336 Ilermannus
578 3268 616 3327 ad
629 3265 774 3344 Vigeruur
787 3291 816 3344 p.
831 3275 901 3328 828.
925 3272 969 3330 cd.
991 3280 1068 3346 tert,
1091 3273 1143 3345 qui
1166 3280 1244 3329 recte
1265 3268 1315 3343 ait,

273 3357 416 3413 interesse
440 3351 496 3411 boo
516 3348 648 3430 iater'ya*
668 3347 708 3437 δὴ
731 3361 759 3410 ct
780 3352 817 3434 γέ
833 3375 895 3435 τος,
919 3355 996 3429 quod
1010 3351 1050 3439 tv}
1066 3358 1240 3414 sententiam
1262 3373 1316 3428 per

274 3435 311 3518 γὲ
333 3440 492 3498 restrictam
512 3435 683 3510 simpliciter
702 3437 863 3511 confirmet,
885 3435 937 3501 coi
950 3448 1046 3498 eutem
1061 3459 1125 3499 eam
1140 3440 1315 3498 sententiam

236 3577 240 3590 ,
274 3521 383 3582 indicet
403 3522 567 3595 oppositam
588 3540 651 3579 esse
671 3521 911 3593 praecedentibus
925 3523 1048 3596 quodam
1062 3524 1158 3582 modo.
1191 3521 1226 3582 Id
1241 3522 1314 3580 adeo

276 3626 363 3679 quem
392 3605 428 3662 ad
453 3603 570 3662 modum
598 3623 638 3662 ex
663 3607 763 3678 prima.
786 3605 993 3679 particularum
1021 3601 1060 3690 (lt)
1087 3615 1117 3668 et
1141 3601 1194 3668 eol
1220 3607 1253 3663 vi
1282 3625 1315 3663 ae

274 3695 415 3763 potestate
436 3687 641 3761 proficiscatur,
664 3685 854 3763 explicabitur
877 3689 1020 3763 deinceps,
1043 3691 1092 3748 ubi
1114 3690 1149 3750 de
1168 3689 1315 3762 illis‘par-
1380 3715 1384 3720 ’

272 3773 368 3832 ticulis
392 3774 550 3845 separatim
571 3772 689 3830 dicetur.
731 3772 817 3832 Nunc
837 3771 891 3830 boc
910 3781 1058 3852 teneamus
1080 3770 1117 3852 γὲ
1138 3775 1315 3847 restringere

274 3857 403 3930 aliquam
431 3875 511 3930 rem,
528 3851 581 3940 ab>
610 3866 705 3914 autem
729 3877 793 3918 eam
817 3856 902 3931 quasi
924 3857 1040 3931 planam
1063 3868 1149 3931 atque
1174 3866 1315 3931 apertam,
1388 3861 1392 3866 '

343 4004 370 4068 t)
387 4007 460 4054 Hanc
470 4008 610 4054 labeculam
622 4005 777 4066 posteriores
789 4007 886 4053 demum
897 4005 1032 4067 scriptores
1045 4005 1175 4055 admisisse
1187 4006 1312 4064 videntur,

273 4074 319 4136 uti,
331 4087 404 4134 quem
415 4074 505 4122 adtulit
514 4073 669 4134 Diodortius,
680 4073 847 4124 Philostratus
853 4073 958 4124 Herotc.
964 4077 1057 4138 pean.
1069 4068 1103 4126 ‘''A
1111 4075 1192 4127 notai
1198 4076 1313 4144 μαθεῖν,
1399 4110 1403 4118 -

273 4141 366 4206 ξυνίης
376 4134 410 4206 δή
422 4155 464 4208 γε.
