2922 4592
129 435 186 506 καὶ
215 431 410 520 ἀποκτεῖναι
439 429 603 512 κελεύσειν,
630 429 661 502 ai
683 431 730 523 μὴ
750 434 944 526 ξυμφέρον.,
965 441 1076 518 itaque
1098 461 1161 541 repr
1230 425 1237 498 ζ

131 525 301 600 simpliciter
321 523 353 580 iu
381 541 478 582 rerum
501 531 606 582 euentu
625 525 734 596 posuit,
756 523 861 582 deiude
881 528 1011 600 perrexit
1032 528 1086 584 ita:
1123 547 1162 608 ην

130 603 245 670 τεκαὶ
275 597 401 684 ibertus
427 625 460 666 τι
490 596 677 686 ξυγγνώμης
703 597 785 680 alcu,
816 598 866 682 [od
885 602 971 690 ppt
992 606 1061 670 δεῖν
1082 600 1162 690 ἂφέ·
1204 629 1208 642 ·

132 693 233 763 σέλαι,
260 689 326 746 talis
356 690 435 746 enim
451 689 606 748 sententia
632 709 674 746 ex
692 690 748 762 iis,
776 709 851 762 quae
872 690 1043 750 antecedunt
1064 692 1163 751 verbis

131 772 219 832 lacile
239 771 372 846 eruitur]‚
393 759 423 832 el
446 769 487 852 τῇ
509 763 608 835 πόλει
624 765 670 852 μὴ
694 763 824 852 ἀγαθὸν
848 765 1030 853 φαίνοισα,
1053 794 1110 847 quc
1131 774 1165 833 in

11 913 16 924 ,
131 855 260 916 membro
285 854 426 912 orationis
455 855 513 923 iam
538 873 602 913 nem
624 854 660 912 ab
682 874 782 912 eorum
803 855 910 913 indicio
931 876 1102 930 suspensam
1121 856 1165 916 la·

133 940 188 1014 cit,
203 939 314 1014 'quibus
335 936 405 996 volt.
418 935 541 1009 probare
564 938 739 996 senteutiam
761 956 842 994 suam
860 938 949 1012 idque
970 939 1167 998 callidissuns
1229 956 1232 964 ’

132 1024 173 1082 ite
192 1013 315 1080 iustituit
332 1019 445 1096 lucere,
466 1039 504 1080 ne
523 1017 655 1079 rideatur
674 1023 739 1096 ipse
759 1041 794 1080 ea
814 1021 972 1096 inclinare,
994 1031 1026 1080 nt
1041 1040 1167 1098 purgare

133 1105 206 1164 velit
226 1102 435 1180 Mytilenaeas.
477 1099 535 1165 His
552 1103 589 1160 de
602 1107 715 1164 causus
736 1125 790 1179 ego
810 1125 875 1162 αουι
892 1103 1029 1164 Goellero
1048 1103 1167 1164 etllsr·
1283 1094 1286 1100 ’
1331 1143 1333 1150 .

134 1191 233 1264 tungio
254 1189 275 1246 l.
295 1188 316 1246 Ι.
336 1187 395 1246 val.
416 1183 457 1244 ll.
479 1207 509 1260 p.
530 1191 602 1244 266.
631 1187 663 1244 in
684 1208 719 1246 ea
742 1189 881 1262 opinione
900 1197 984 1262 snm‚'
1019 1197 1065 1260 ul,
1091 1185 1168 1262 quod

135 1269 321 1346 Thucydides
344 1290 431 1344 saepe
451 1268 538 1344 fecit,
563 1278 594 1326 nt
614 1289 668 1343 per
688 1291 809 1346 zeugma
829 1272 1011 1346 loqueretur,
1032 1270 1169 1330 idatium

133 1351 190 1412 tac
209 1355 273 1413 loco
294 1374 359 1418 aum
386 1354 494 1414 fecisse
514 1355 696 1412 existumem.
739 1353 816 1413 Nam
840 1354 917 1430 quod
938 1354 1049 1430 duplex
1070 1354 1169 1412 condi·
1260 1356 1265 1367 '

134 1441 179 1496 cio
203 1439 372 1512 pouitur‘in
395 1436 487 1496 altero
510 1438 639 1496 membro
660 1437 724 1494 ποτεΙ
743 1438 853 1496 adiecto
867 1439 972 1514 verbo,
996 1436 1074 1511 quod
1099 1440 1170 1498 utti-

136 1541 193 1596 que
212 1522 373 1580 condicioni
394 1541 478 1578 suum
494 1540 609 1580 currum
630 1518 726 1592 daret,
756 1520 788 1578 id
816 1541 851 1594 eo
877 1524 974 1580 minas
995 1523 1102 1596 poterit
1122 1519 1169 1579 oi·

136 1601 278 1678 laudere,
315 1597 392 1678 quod
425 1623 488 1660 eum
521 1603 631 1676 duplex
663 1603 793 1662 condicio
824 1606 864 1662 eit
895 1607 982 1664 etiam
1012 1607 1044 1666 in
1071 1606 1170 1680 priore

136 1689 283 1760 incubis,
301 1685 369 1744 inde
386 1687 447 1743 iam
465 1685 597 1758 intellegi
615 1693 711 1759 potest
733 1708 791 1760 quo
813 1687 930 1762 singula
950 1686 1022 1746 lineo
1042 1691 1171 1749 membra

138 1773 320 1846 pertineant,
351 1776 379 1827 et
402 1769 471 1842 quia
492 1769 611 1824 omnino
635 1765 740 1826 Graeci
759 1772 893 1843 saepius,
914 1791 1000 1844 quam
1022 1791 1095 1847 nos,
1119 1771 1171 1829 dn-

137 1853 243 1928 plicem
263 1851 460 1913 condicionem
479 1849 595 1910 diverso
614 1851 699 1908 modo
717 1851 911 1924 accipiendam
929 1857 960 1909 iu
983 1859 1040 1910 uno
1056 1853 1173 1911 eodem·
1198 1854 1203 1861 '

87 1959 91 1964 ¹
140 1957 198 2010 que
231 1937 359 1998 membro
391 1936 479 1993 etiarn
513 1954 566 2007 per
592 1933 713 1992 eaodem
744 1934 970 1993 condicionalem
1001 1936 1173 2008 particulam

92 2079 97 2086 ,
138 2020 380 2092 introduxerunt,
410 2037 468 2090 qua
494 2017 531 2075 de
553 2035 586 2074 re
606 2016 676 2075 ride
702 2013 736 2076 G.
759 2016 798 2076 G.
819 2015 988 2091 Kriigerrm
1009 2017 1047 2076 ad
1068 2017 1174 2078 Xeno·

138 2103 259 2178 phontis
284 2103 498 2178 Ecpsdtttcacm
525 2100 591 2172 Opti
619 2099 669 2158 lib.
695 2097 750 2158 lll.
783 2121 844 2175 cap.
874 2108 905 2159 2.
938 2104 966 2171 §.
989 2107 1040 2160 31.
1073 2113 1101 2161 et
1121 2103 1174 2162 lilr.

139 2185 213 2250 Vll.
237 2207 299 2260 cop.
321 2190 350 2243 7.
372 2189 401 2257 §.
427 2191 477 2243 31.
525 2181 576 2241 Aa
597 2183 633 2242 de
654 2176 707 2242 illo
729 2183 911 2260 Thucydidis
932 2185 995 2242 loco
1014 2203 1052 2244 eo
1077 2175 1174 2245 minue

139 2271 272 2330 dubitare
293 2269 437 2328 debebant
456 2269 645 2342 interpretes,
668 2267 746 2343 qnod
767 2268 844 2326 idem
864 2270 986 2343 scriptor
1008 2270 1095 2328 etiem
1116 2270 1175 2330 alio

94 2391 97 2398 ·
140 2356 205 2414 loco
236 2347 275 2438 ἢν
301 2351 470 2428 particulam
489 2371 556 2410 cum
575 2352 704 2424 optativo
732 2354 928 2414 construxisse
951 2351 1086 2428 videtur,
1117 2373 1176 2427 quo

141 2439 178 2497 de
198 2438 280 2511 loco,
300 2457 367 2495 cum
389 2435 563 2495 simillumae
583 2434 651 2493 hnic
670 2444 771 2495 nostro
791 2439 845 2511 sit,
862 2437 920 2494 iam
935 2435 1072 2494 dicamus.
1114 2435 1177 2496 Le·

20 2539 24 2548 '
142 2523 221 2596 silut
244 2521 298 2584 ille
320 2519 372 2577 lib·
395 2515 485 2576 Vlll.
509 2539 572 2594 cap.
594 2523 664 2590 27„
688 2521 720 2577 iu
744 2519 822 2576 lrunc
845 2519 976 2576 modums
1008 2513 1066 2592 Ὡς
1086 2513 1178 2596 τάχη..

144 2623 207 2666 στα
240 2597 276 2662 dd
307 2595 436 2664 ἐκέλευε
465 2593 544 2672 τούς
570 2620 607 2660 τε
627 2595 832 2678 τραυματίας
868 2592 1096 2673 ἀναλαβόντας
1122 2598 1178 2663 καὶ

143 2681 202 2748 τὸν
224 2678 325 2760 πεζὸν
354 2680 494 2744 καὶτῶν
515 2682 640 2751 σκευῶν
661 2675 725 2744 ὅσα
746 2672 851 2765 ἦλθον
873 2675 1016 2760 ἐβςοντες,
1044 2673 1117 2744 dd'
1142 2679 1179 2744 ἐκ

106 2831 110 2836 ,
143 2768 205 2852 τῆς
235 2760 400 2838 πολεμίας
432 2756 590 2846 εἰλήφασι
626 2757 886 2838 καταλιπόντας,
927 2759 1023 2836 ὅπως
1054 2765 1178 2848 κοῦφαι

146 2841 227 2913 ὦσιν
249 2842 284 2910 αὶ
297 2847 389 2930 νῆες.
418 2840 586 2908 ἀποπλεῖν
608 2841 642 2920 ἒς
662 2840 803 2930 Σάμον,
823 2837 980 2909 κάκεῖθεν
993 2838 1063 2931 1ἤδη
1084 2846 1181 2922 ξυνα-

143 2925 306 3014 ’γαγόντας
326 2923 440 3004 πάσας
459 2924 518 3003 τὰς
534 2929 631 3004 ναῦς,
652 2925 731 3003 τοὺς
752 2923 932 3004 ἐπίπλους,
954 2919 995 3013 ἤν
1015 2941 1083 2992 που
1108 2951 1181 2992 καο-

147 3011 208 3100 ρὸς
228 3007 529 3097 ελή,ζποιεῐσθαι.,
556 3029 615 3086 quo
637 3015 669 3071 iu
696 3014 760 3071 loco
783 3033 849 3072 cum
869 3013 938 3071 libri
959 3022 1076 3087 praeter
1096 3010 1181 3074 Vati·

146 3117 250 3157 cauum
276 3116 379 3161 omncs
409 3117 467 3154 nno
494 3115 636 3156 consensu
666 3099 806 3171 scriptum
834 3090 1009 3156 exhibeant:
1052 3087 1092 3180 ἢν
1113 3119 1181 3160 που

85 3201 93 3228 ’
147 3176 271 3262 καιρὸς
289 3173 354 3262 εἴη,
383 3201 443 3238 aon
463 3180 587 3245 debebat
605 3180 689 3238 credo
709 3179 747 3239 G.
768 3179 957 3240 Hermanuus
971 3183 1019 3240 vir
1043 3184 1181 3257 egregius
1283 3195 1288 3204 ‘

146 3268 180 3324 in
201 3263 277 3322 libro
308 3269 349 3320 Bc
369 3264 510 3340 particulo
530 3254 554 3324 dl
561 3285 579 3325 ν
602 3262 657 3323 lll.
690 3285 752 3338 cap.
770 3268 807 3322 ·4.
838 3285 869 3338 p.
900 3267 969 3322 150.
995 3268 1182 3338 comprobare

145 3346 231 3408 Imm.
257 3345 392 3406 Bekkeri
417 3345 573 3422 iudicium,
607 3351 660 3422 qui
685 3368 704 3406 c
732 3349 806 3406 libro
827 3345 972 3406 Vaticano
1003 3347 1107 3405 edidits
1143 3338 1183 3429 ἤν

147 3451 217 3495 που
245 3426 361 3511 καιρὸς
388 3418 422 3511 ἦ
442 3483 449 3492 ,
472 3424 552 3490 Nam
587 3431 665 3503 duod
690 3429 789 3488 dicunt
814 3438 970 3504 propterea
999 3449 1060 3486 nen
1086 3429 1184 3488 rideri

148 3516 310 3572 orationem
339 3512 486 3584 obliquam
508 3510 556 3569 bio
580 3513 676 3572 locum
694 3512 804 3572 lrabere
826 3533 926 3586 posse,
956 3511 1033 3586 quod
1054 3509 1184 3590 Phrynoi·
1283 3514 1285 3517 ’

149 3595 199 3656 chi
223 3597 317 3654 cretio
338 3595 510 3668 plerumque
534 3604 611 3652 reeta
634 3603 728 3669 esset,
757 3604 785 3654 et
807 3597 943 3668 superius
965 3593 1074 3654 dietum
1095 3606 1184 3657 esset:

148 3672 192 3762 ἢν
219 3671 412 3762 ἡσσηθῶσι,
444 3685 473 3735 et
501 3673 556 3734 boc
582 3679 646 3750 ipsc
667 3679 744 3735 loco:
775 3672 872 3752 ὅπως
900 3677 959 3739 κοῦ
988 3670 1127 3742 Ὶια’νσιν
1148 3673 1204 3746 αλ

148 3762 240 3837 seg,
274 3761 307 3818 id
328 3769 440 3818 tautum
462 3762 560 3834 abest,
583 3759 742 3819 art-officiat
763 3764 935 3834 scripturam
959 3697 1090 3843 (ἔλιπον
1113 3783 1187 3823 και-

151 3865 213 3928 ρος
235 3835 302 3924 εἴη,
337 3851 368 3901 ut
389 3845 475 3900 ctiam
497 3846 614 3918 egregie
636 3864 699 3902 eam
723 3844 862 3903 adiuvare
884 3843 1025 3902 videatur.
1069 3841 1186 3903 Etenim

152 3949 243 4002 quom
272 3929 305 3984 iu
333 3926 574 3994 antecedentibus
593 3947 710 4000 semper
735 3925 899 4004 Phryniclri
926 3927 1016 3984 oratio
1043 3923 1187 3986 irminsu-

26 4054 37 4062 .
151 4020 215 4070 tuta
234 4019 328 4083 esset,
348 4018 380 4068 ut
401 4010 530 4068 absolute
550 4011 665 4086 singula
689 4019 881 4085 ponerentur,
900 4011 991 4068 sicubi
1011 4007 1085 4070 nihil
1106 4031 1187 4070 caur-

151 4113 206 4189 sae
231 4102 295 4154 eret
321 4113 370 4153 cur
391 4112 429 4153 ex
450 4093 574 4154 aliorum
594 4096 690 4170 potius
711 4087 851 4172 opinione
873 4093 1024 4170 quidpiam
1040 4115 1127 4170 qaum
1145 4115 1188 4155 ex
