2922 4592
522 321 528 334 ·
581 275 675 377 'ru

211 457 314 519 Etiam
335 455 372 519 de
394 455 543 533 particulis
564 451 602 538 γὲ
623 451 663 542 dp
686 456 746 516 iam
770 475 857 533 cupre
877 479 906 534 p.
937 463 998 520 338
1016 479 1083 536 sqq.
1111 477 1176 532 ‚exc
1215 451 1253 538 ri
1270 451 1315 524 dri,

128 541 266 619 plicatum
297 549 370 602 est..
392 539 538 610 Vidimus,
558 538 648 618 euim,
672 538 750 615 qnod
769 537 807 621 γὲ
829 542 893 602 sere
914 545 1007 618 aptius
1028 565 1093 604 cum
1112 563 1165 603 an·
1210 526 1253 592 Al
1271 541 1313 595 γ’·

130 627 276 686 tecedenti
304 645 375 686 voce
406 623 589 701 cohaereret,
628 635 705 683 recte
744 634 832 698 atquc
865 624 968 685 ordine
991 627 1166 704 plerumque

129 709 237 768 dictum
269 718 333 768 eas'e
354 702 470 793 γὲδὴ,
502 717 677 783 quemquam
710 700 750 789 δὴ
779 709 876 781 ipsum
903 729 1021 784 quoque
1045 730 1107 769 uon
1128 709 1166 770 ad

129 788 166 872 γὲ
198 795 355 867 pertinet‚.
374 790 426 849 sed
455 790 492 850 ad
517 790 735 866 praecedentem
763 811 863 850 rocem
891 813 950 851 una
979 813 1041 850 cum
1074 793 1165 852 altera

127 876 273 948 particula
300 872 499 933 referendum
516 881 571 934 est.
619 872 812 933 Nec‘tamen
841 884 1008 949 poteramus
1036 875 1166 951 diffiteri,

128 959 179 1016 ubi
200 955 240 1040 cir)
258 957 399 1033 particule
422 959 531 1016 arctius
544 954 762 1016 adhaeresceret
774 959 838 1016 voci
851 959 1053 1035 praecedenti,
1084 968 1116 1018 ut
1131 979 1167 1020 ea

128 1042 217 1100 verba
237 1040 300 1100 dere
318 1061 405 1098 unam
426 1043 576 1102 notionem
601 1039 766 1117 efficerent,
787 1042 831 1099 ibi
852 1044 941 1100 etiam
961 1043 1069 1100 factum
1091 1063 1167 1120 case,

128 1133 159 1181 ut
179 1117 218 1208 dr}
237 1145 272 1204 γε
295 1124 450 1199 diceretur,
472 1129 569 1198 neque
592 1124 623 1183 id
645 1125 741 1184 sotum
761 1125 793 1181 iu
815 1125 965 1198 particulis
985 1119 1103 1210 ἐπειδή
1120 1147 1168 1206 pc.

128 1209 178 1264 ubi
205 1209 269 1281 ipsa
297 1209 455 1281 scriptione
477 1227 619 1282 qrroreum
638 1205 694 1266 hoc
717 1209 859 1281 pertineat
880 1207 1041 1285 indicatur,
1075 1209 1167 1269 veluti

128 1287 364 1366 ia-Tlrncydidis
382 1292 432 1350 lib.
454 1288 511 1349 Vl.
534 1311 597 1364 cap.
617 1295 666 1350 18.
692 1289 812 1366 dicitur:
838 1279 900 1366 Οἷς
913 1285 1026 1376 χρεών,
1046 1283 1167 1375 ἐπειδή

67 1433 73 1440 ,
128 1393 164 1454 γε
187 1370 241 1434 καὶ
260 1367 508 1454 ξυνωμόσαμεν,
538 1367 717 1450 ἐπαμύνειν
738 1370 794 1434 καὶ
813 1368 860 1458 μή
884 1365 1087 1438 ἀντιτιθέναι
1112 1369 1167 1436 ὅτι

128 1447 206 1516 odrici
240 1451 359 1518 ἐκεῖνοι
389 1449 497 1540 ἡμῖν,
527 1456 605 1530 quod
631 1453 741 1514 Latiae
768 1455 859 1514 dicas:
891 1462 1022 1533 pruriunt
1045 1457 1166 1534 quidem,

129 1541 207 1613 quod
236 1539 334 1598 differt
360 1541 396 1598 ab
425 1533 501 1602 ἐπεὶ
529 1560 565 1620 γε
595 1531 655 1623 δή,
687 1537 765 1614 qnod
789 1545 835 1601 est
856 1535 966 1598 Latine
987 1538 1166 1598 reddendum

128 1624 243 1696 poticsr
279 1641 361 1698 ‹pucur
389 1623 498 1697 qcrilcuu
526 1628 624 1697 tauers
641 1643 700 1681 non
727 1625 819 1698 igitur
848 1624 881 1680 in
912 1623 985 1681 aclis
1015 1622 1166 1700 particulis

129 1697 248 1784 ἐπειδή
273 1724 325 1783 γε,
347 1704 384 1760 de
407 1706 512 1775 quibus
534 1705 617 1777 plura
637 1703 724 1763 habet
744 1704 828 1780 Aug.
846 1698 1166 1765 Guil.Wiuckelman·
1215 1751 1218 1756 .

129 1807 185 1846 uus
211 1785 345 1844 adnotata
376 1783 413 1842 ad
441 1784 574 1844 Platonis
597 1788 797 1858 Ecllcpdcutuur
818 1807 848 1860 p.
873 1793 953 1856 106„
974 1787 1030 1846 hoc
1059 1790 1166 1848 sactum
1217 1795 1221 1806 “

40 1925 46 1936 ,
129 1879 191 1942 est,
217 1890 319 1927 rerum
345 1870 434 1926 etiem
452 1871 485 1926 in
508 1869 640 1930 omnibns
660 1871 698 1926 iis
719 1868 807 1944 locis,
837 1870 887 1927 ubi
913 1863 953 1952 δὴ
975 1873 1071 1946 nptias
1090 1877 1168 1929 esset
1275 1889 1281 1896 ·

66 1993 69 2000 ·
128 1955 312 2022 eorsiuuctmu
345 1973 410 2009 cum
429 1950 613 2026 praecedeuti
641 1972 729 2025 voce,
758 1959 789 2009 ut
815 1951 880 2011 sere
908 1973 967 2010 una
993 1956 1076 2013 notio
1103 1973 1168 2012 esse

129 2035 294 2110 rideretur,
325 2035 417 2093 veluti
441 2038 473 2093 in
494 2037 531 2094 iis
551 2035 642 2111 locis,
664 2055 738 2111 qnos
761 2056 849 2112 cupra
871 2057 900 2112 p.
923 2041 995 2098 3³7.
1018 2038 1105 2114 posui
1127 2057 1168 2097 ex

22 2151 28 2166 ι
128 2115 284 2193 Euripidis
304 2119 466 2177 Horcclidie
488 2139 517 2178 r.
538 2123 612 2178 632.

334 2241 485 2324 Πάρεσμεν
504 2250 549 2304 oicr
566 2243 600 2320 dri
616 2246 641 2320 γ’
660 2247 731 2318 ἐμοῦ
747 2252 897 2324 παρουσία.

127 2377 156 2431 ct
179 2391 217 2430 ex
239 2368 368 2430 eiusdem
390 2371 570 2450 Suppliciter
590 2391 620 2433 r.
645 2377 715 2431 163.

325 2493 361 2555 Ὃ
378 2481 412 2568 dri
428 2518 462 2570 γε
480 2498 600 2563 πολλοὺς
617 2494 704 2556 ὄλεσε
722 2498 924 2576 στρατηλάτας.,
994 2538 1013 2584 .‘

44 2631 48 2634 ’
127 2621 166 2679 de
190 2617 295 2694 ‹pribus
315 2620 387 2679 locis
411 2621 598 2680 conferantur
619 2623 708 2680 etiam
729 2638 782 2698 ec,
809 2619 884 2696 quae
906 2619 1115 2698 explicavimus
1137 2643 1168 2694 p.

112 2707 203 2762 -406,
255 2701 319 2762 Nec
349 2705 386 2761 alr
411 2703 467 2762 hoc
496 2725 552 2762 usu
580 2705 677 2762 aliena
699 2724 781 2777 esse,
814 2701 872 2765 ὅτε
894 2697 938 2786 'dri
962 2724 1009 2784 γε,
1031 2705 1170 2778 qnoniam

128 2779 229 2867 traca>
261 2786 345 2860 quasi
368 2807 425 2843 uua
450 2807 523 2845 voce
548 2787 709 2859 diceretur,
738 2781 834 2866 μέχρι
852 2777 891 2868 δή
915 2805 970 2864 γε,
991 2789 1076 2859 qnasi
1096 2793 1171 2844 erset
1277 2859 1282 2866 .

27 2880 34 2886 '
127 2862 269 2950 μεχριῢή
299 2889 351 2949 γε,
382 2864 498 2949 ὥσπερ
529 2861 568 2952 δή
600 2889 645 2949 γε,
674 2877 820 2941 tamquam
842 2868 970 2926 diceres:
1010 2860 1168 2950 uiouepdp'

129 2969 178 3028 γε,
200 2970 289 3024 supra
315 2972 344 3024 p.
368 2957 438 3016 338.
469 2951 697 3011 docuissemilri
718 2951 838 3025 videor,
863 2951 1050 3010 conferantur
1069 2970 1170 3026 porro,

129 3054 206 3106 «puae
229 3033 358 3092 diximus
382 3055 412 3108 p.
444 3038 516 3093 406.
536 3033 577 3108 'p.
606 3037 679 3096 407.
707 3057 737 3108 p.
768 3038 841 3092 408.
887 3033 952 3094 Nec
974 3035 1110 3094 abhorret
1132 3034 1170 3092 alr

128 3115 185 3174 lrac
216 3119 349 3189 ratione,
385 3118 462 3192 quod
494 3118 602 3193 legitur
630 3120 662 3177 in
685 3116 839 3192 Euripidis
859 3119 979 3178 Hercule
1006 3120 1117 3194 furcule
1140 3136 1169 3178 v.

130 3203 224 3260 12³7.
245 3199 291 3258 ed.
311 3197 415 3258 Herm.

345 3315 381 3367 Oi
394 3315 455 3383 pior·
477 3316 505 3367 ri
523 3307 558 3380 dri
575 3331 607 3384 γε
626 3273 762 3386 petulcum
780 3314 871 3384 ψυχῆς
888 3312 970 3384 darier

128 3433 166 3493 dc
194 3454 257 3507 quo
281 3454 370 3493 versu
395 3434 465 3493 vide
494 3456 570 3509 qnae
597 3434 661 3492 dixi
683 3455 770 3509 supra
791 3456 823 3509 p.
845 3438 918 3492 400.
960 3432 1039 3492 Nam
1060 3425 1095 3496 ‘cc'
1111 3425 1169 3516 δής

129 3519 214 3592 qnasi
253 3509 345 3599 τιὸἠς
384 3516 503 3591 dicitur,
547 3539 634 3591 quem
667 3517 703 3575 ad
735 3518 853 3575 modum
896 3517 929 3573 in
962 3513 1072 3575 Latina
1113 3515 1171 3574 liu·
1288 3548 1294 3558 ·

130 3621 189 3675 gna
216 3600 285 3658 talia
317 3601 535 3674 rescriptione
559 3599 676 3674 quidem
700 3599 931 3674 distinguuntur,
960 3609 992 3657 ut
1016 3598 1172 3678 quidnam?

129 3683 245 3741 dicitur.
288 3679 339 3741 Sic
362 3682 452 3758 igitur
472 3680 629 3756 Euripides
649 3695 765 3756 quoque
785 3679 841 3740 lroc
861 3681 925 3740 loco
942 3703 997 3758 pro
1018 3703 1071 3757 eo,
1092 3681 1172 3757 quod

128 3788 184 3842 per
205 3765 314 3824 ecdici
335 3775 461 3841 poteret:
487 3760 524 3846 γὲ
545 3757 597 3850 δή,
621 3765 722 3823 maluit
742 3763 839 3823 dicere
861 3756 902 3848 δή
921 3785 966 3844 yc.
1008 3764 1049 3823 Et
1069 3765 1106 3824 de
1122 3763 1172 3824 lis

130 3850 249 3925 quidem
270 3848 415 3910 lracteuns.

214 3931 387 3990 (iouiuuctas
416 3930 570 4007 particulas
601 3925 638 3994 δὲ
667 3923 707 4015 δὴ
736 3934 766 3988 et
787 3949 861 4004 quae
886 3949 951 3988 cum
970 3929 1081 3990 eisdem
1102 3936 1171 4004 apte
1220 3936 1261 3992 Al
1279 3936 1323 4007 δι’,

129 4013 289 4073 relucerent
311 4007 389 4078 οὐδὲ
418 4011 457 4098 ‹lip
485 4023 514 4074 el
538 4009 623 4095 μηδὲ
645 4009 684 4097 dr}
711 4012 815 4088 adtigit
835 4011 984 4076 Devarius
1010 4016 1076 4090 ipse
1097 4014 1168 4073 duo·
1222 4004 1264 4074 Al
1282 4009 1324 4064 δέ·

125 4101 185 4180 ‘brus
213 4100 285 4161 locis
312 4120 343 4174 p.
375 4104 426 4159 60.
455 4109 483 4158 et
508 4121 539 4175 p.
563 4104 603 4159 63
620 4119 665 4176 aq.
705 4107 733 4158 et
760 4119 815 4160 nos
848 4119 933 4175 supra
960 4119 991 4176 p.
1023 4105 1084 4160 382
1101 4116 1166 4174 sqq.
