2922 4586
624 233 687 304 οι.
924 185 929 200 κ
1119 239 1257 306 esu.

133 399 345 479 'piraece'dere'ut
368 403 458 462 verba
478 403 533 462 vix
554 403 768 478 oppositionem
788 403 918 479 recipere
937 404 1120 483 riderentur,
1135 409 1181 468 uti

137 490 246 546 factum
266 487 360 546 estin
378 486 432 545 illo
452 483 604 544 Parthenii
625 485 699 563 lucc,
722 505 808 560 quem
831 506 870 545 ex
890 509 952 563 cap.
971 495 999 548 6.
1016 495 1043 562 §.
1059 477 1088 549 l.
1105 493 1133 564 i.
1149 495 1180 552 7.

136 571 184 628 ed.
214 567 351 630 Passow.
379 571 464 644 posui
493 570 527 627 iu
558 571 671 640 (arceat.
694 573 768 627 criti.
794 590 824 644 p.
849 575 918 628 102.
949 567 1097 651 Λέγετᾰι
1123 569 1180 638 καὶ

72 669 83 728 j
136 649 267 716 Σίθονα
287 643 564 728 τὸνὈδομοίντιον
584 650 726 730 βασιλέα
738 650 891 731 χενν”σαι
906 651 1076 736 θυγατέρα
1086 653 1179 717 Παλ-

137 728 250 820 λήνην,
278 729 380 818 καλὴν
400 729 438 798 dd
460 730 518 798 καί
539 728 706 818 ἐπίχαριν,
730 754 785 796 και
809 673 986 796 dcccdccc
1008 734 1179 799 επιπλεῖ-

134 837 213 879 στον
236 817 388 958 χωρῆσαι
415 813 511 891 κλέος
538 807 641 898 αὐτῆς
669 809 750 887 uui„
782 819 832 876 ubi
859 819 971 876 maiore
997 817 1121 892 quadam
1147 821 1179 879 ri

134 899 286 958 adiicitur·
312 919 361 959 aec
379 900 493 973 puellae
513 899 679 974 descriptio,
702 917 789 974 quum
811 903 837 959 ai
859 897 897 964 τὲ
913 921 968 975 pro
990 895 1027 964 δὲ
1045 921 1179 977 reponas,

133 985 219 1058 quasi
235 981 344 1042 Latine
363 982 458 1042 dicas:
482 987 595 1041 Dicitur
614 988 742 1058 pecudeae
762 982 855 1056 filium
875 985 1027 1054 Pallenen,
1049 985 1179 1061 pulcrum

132 1086 198 1126 cera
218 1085 254 1124 αο
273 1075 430 1128 venustam.
472 1063 585 1124 Eodem
608 1065 695 1124 mudc
717 1067 806 1125 etiam
829 1068 1012 1142 participium
1033 1087 1088 1142 per
1108 1087 1177 1142 par·

134 1148 263 1216 ticulam'
278 1145 316 1212 δὲ
344 1149 476 1207 adiicitur
502 1170 562 1208 nou
587 1169 738 1223 nunquam
764 1150 801 1208 ad
825 1168 935 1209 numera
955 1151 1177 1225 substantivum,

74 1237 79 1250 ‘
132 1235 218 1306 tpuaai
238 1235 297 1291 iam
317 1232 374 1291 alia
393 1235 484 1306 notio,
505 1235 551 1290 cui
571 1233 683 1306 aliquid
702 1235 814 1308 uppuai
827 1243 938 1308 posset,
959 1236 1176 1310 praecessisset,

133 1316 224 1375 veluti
244 1319 277 1374 in
302 1335 337 1374 eu
358 1313 484 1375 Diodori
506 1313 598 1375 Siculi
621 1316 702 1391 lucu,
731 1335 817 1390 quem
843 1317 957 1376 alibro
977 1307 1051 1375 ΧΗ.
1076 1339 1101 1376 c.
1122 1321 1174 1376 73.

131 1401 274 1474 poenita
303 1400 416 1468 Qaccst.
446 1403 519 1458 cute.
548 1421 579 1474 p.
608 1405 680 1461 103.
721 1393 1110 1483 Κατασιρατοποδεύσας
1136 1395 1175 1464 dd

132 1476 275 1563 πλησίον
295 1475 428 1556 πόλεως
443 1471 588 1556 Ἠϊόνας,
610 1472 799 1584 σἰπιχούσρς
812 1478 850 1545 dd
864 1482 923 1566 τῆς
933 1473 1154 1566 Ἀμφιπόλειο

133 1557 282 1638 σταδίοις
309 1556 354 1637 ὡς
378 1557 570 1643 τριάκοντα,
606 1560 800 1646 προσβολας
825 1559 973 1627 ἐποιεῖτο
1000 1564 1047 1646 τῷ
1073 1501 1173 1628 πολε

132 1663 243 1723 σμασι.
297 1643 363 1702 Huc
391 1646 530 1719 denique·
548 1646 618 1723 iacit
645 1648 719 1705 alius
748 1645 873 1706 Diodori
902 1645 994 1705 Siculi
1020 1647 1101 1707 lucus
1131 1665 1171 1706 ex

129 1729 182 1786 lib.
204 1725 299 1786 XIX.
323 1747 386 1801 cap.
411 1733 462 1786 9³.
494 1718 738 1810 Εὗχαρίστερον
765 1723 826 1810 γὰρ
848 1727 964 1811 πολλῷ
986 1725 1173 1808 deauranda

129 1813 215 1874 udus
238 1805 321 1872 κατὰ
343 1804 401 1910 priv
421 1802 605 1908 ᾼίχονιοον,
627 1811 701 1908 ταῖς
722 1805 758 1872 dd
777 1804 950 1889 χορηγίαις
969 1801 1171 1890 ὑπερέχοντα

131 1889 188 1955 ναί
209 1887 322 1955 τόπων
342 1912 517 1972 οχοροτησι
539 1911 756 1960 πιστευοντα.,
779 1891 815 1949 de
837 1912 895 1963 ιμιο
919 1891 983 1950 lacu
1007 1893 1073 1951 ride
1095 1911 1171 1966 quae

129 1976 195 2034 dixi
214 1978 248 2034 iu
270 1977 382 2044 Quaest.
399 1979 473 2032 erilt.
493 1997 523 2048 p.
542 1981 601 2032 102
615 1996 660 2048 aq.
702 1971 737 2032 ld
754 1976 794 2032 ita
816 1974 928 2047 dieitur,
948 1975 1031 2049 qa'aai
1046 1976 1170 2034 verbum

128 2057 382 2137 διαγωνιεῖσθαι
403 2077 503 2115 rursus
525 2057 561 2114 ad
580 2075 629 2132 ee,
658 2075 733 2132 quae
754 2056 955 2132 adponuntur,
981 2059 1068 2118 rerba
1090 2059 1170 2134 cugi-

127 2144 237 2200 tatiune
257 2139 533 2199 adsumeudrrrawit.
576 2139 616 2198 Et
638 2137 696 2198 hac
715 2138 833 2212 quidem
855 2143 969 2217 ratione
989 2144 1103 2215 integra
1125 2147 1170 2200 est

126 2225 269 2282 librorum
292 2226 421 2281 omniura
443 2225 584 2296 scriptura
602 2225 635 2282 iu
656 2220 809 2297 Euripidis
826 2223 966 2292 Alcesudc
984 2245 1013 2286 v.
1030 2229 1092 2286 206
1111 2241 1169 2302 asp,

127 2309 177 2366 ubi
198 2327 284 2369 serve
305 2305 342 2366 de
365 2307 484 2364 domina
505 2325 559 2365 sua
578 2303 650 2366 lraec
668 2305 830 2382 praedicate

480 2439 583 2490 Φῧίνει
600 2433 654 2504 γὰρ
672 2439 720 2488 καὶ
735 2439 902 2505 μαραίνεται
919 2431 1002 2505 νόσῳ,
1034 2441 1038 2450 ’

291 2505 444 2575 παρειμένιχ
462 2503 492 2556 δὲ
506 2499 601 2576 χειρὸς
617 2498 717 2556 ἄθλιον
732 2497 834 2576 βάρος,

126 2638 204 2716 (μιοᾶ
225 2640 343 2697 fuerunt
360 2640 413 2712 qui
428 2638 507 2695 nulla
524 2627 707 2698 auctoritati:
729 2633 914 2721 παρειμίνη
930 2659 977 2717 χε,
998 2637 1166 2696 scriberent.

124 2722 215 2802 Quod
237 2725 263 2782 si
283 2725 331 2779 isti
353 2729 551 2796 reputassent,
580 2720 671 2778 multo
695 2724 805 2780 maiore
826 2723 857 2780 ri
877 2719 953 2794 dici,
983 2713 1169 2803 παρειμίνη

10 2841 12 2850 ¹
127 2802 174 2880 dd,
196 2815 229 2864 ut
249 2807 372 2862 verbum
395 2804 513 2862 finitum
536 2823 575 2860 ex
592 2803 823 2861 antecedentibus
838 2800 1068 2878 intellegendum
1081 2811 1168 2875 esset,

126 2889 385 2961 meminisseutque
403 2886 504 2944 eudem
518 2905 636 2960 prorsus
650 2884 737 2944 modu
752 2883 879 2945 Graecus
892 2887 980 2944 etiam
995 2883 1168 2959 particula·
1248 2903 1254 2910 ·

125 2966 189 3054 peip
206 2973 339 3045 posuisse
353 2967 508 3042 interdum,
529 2968 635 3042 quade
648 2989 680 3027 re
692 2987 780 3042 supra
793 2969 973 3043 explicatum
985 2975 1030 3027 est
1040 2989 1070 3042 p.
1082 2968 1167 3044 256,

102 3074 186 3112 'uun
209 3062 318 3113 temere
339 3053 468 3110 omnium
489 3052 630 3111 librorum
651 3053 850 3112 testimouium
871 3055 903 3110 iu
925 3072 958 3111 re
979 3051 1062 3111 sacili
1082 3069 1166 3126 sper·

124 3144 239 3196 uereut.
281 3133 340 3195 Sed
362 3134 434 3194 lraec
454 3142 483 3192 et
507 3154 583 3208 quae
603 3136 808 3210 cumsimilis,
829 3137 999 3209 quiveram
1019 3137 1080 3195 rim
1098 3155 1166 3208 par·

12 3279 13 3282 ,
124 3221 230 3278 ticulac
251 3227 326 3278 recte
349 3221 525 3294 perceperit,
546 3217 698 3294 intelleget
720 3221 798 3292 ipse:
825 3221 932 3292 partim
954 3238 1056 3278 eurum
1075 3219 1166 3278 etiam

121 3303 202 3361 inira
222 3302 454 3377 explicabuntur,
474 3302 525 3359 ubi
546 3302 582 3360 de
602 3302 742 3377 singulari
762 3303 794 3362 vi
815 3302 973 3375 particulae
995 3299 1032 3363 dd
1044 3299 1165 3358 dicetur.
1242 3321 1245 3328 ¹

207 3383 243 3444 Si
274 3385 389 3458 quando
417 3381 490 3441 haec
510 3384 650 3457 particula
670 3385 760 3442 infert
781 3404 885 3442 uorum
905 3403 985 3456 rem,
1013 3390 1166 3456 postquam

124 3470 183 3527 ulia
202 3489 261 3526 ιιοιι
278 3467 448 3542 simpliciter
467 3464 552 3522 modo
574 3468 667 3540 positu
687 3475 740 3539 est,
763 3464 817 3525 sed
836 3465 987 3523 adfirmata
1007 3464 1093 3521 eliam
1111 3482 1166 3537 per

123 3551 197 3608 alias
216 3549 383 3632 particulas,
403 3547 495 3625 veluti
512 3567 566 3622 per
585 3543 621 3628 pl
643 3548 823 3623 particulam,
843 3549 886 3606 uti
904 3543 1166 3624 apudEuripidem

123 3637 156 3696 iu
178 3633 380 3694 Διιιίιοιιιοοίισ
400 3650 428 3690 v.
449 3633 521 3688 239.
543 3631 680 3707 scriptum
704 3637 764 3689 est:

283 3759 325 3816 Σὺ
343 3757 371 3815 d'
393 3757 425 3816 od
443 3761 531 3828 λέγεις
546 3774 589 3826 χε,
604 3757 674 3831 δρᾷς
690 3759 724 3812 δέ
737 3754 770 3824 μ’
791 3759 830 3816 εἰς
847 3754 915 3813 ὅσον
930 3754 1009 3832 ddup.

123 3890 152 3944 et
177 3905 253 3959 quae
275 3878 366 3942 multa
388 3881 419 3942 id
439 3900 532 3958 genua
554 3877 613 3938 alia
634 3884 718 3954 suut,
744 3877 843 3954 qualia
863 3877 963 3937 adtulit
983 3875 1166 3953 Hartuugiua

122 3969 144 4027 l.
168 3968 191 4026 l.
213 3989 243 4044 p.
268 3973 357 4043 171.‘‚
386 3987 445 4024 ιιοιι
472 3967 598 4024 mutatur
625 3962 757 4022 caudiciu'
781 3962 940 4039 particulae
967 3956 1013 4043 γέ.
1055 3957 1091 4019 la
1119 3957 1166 4018 lus

124 4054 206 4115 euim
228 4051 299 4116 lucis
322 4069 389 4130 eus,
419 4051 471 4126 qui
495 4045 531 4131 γὲ
555 4053 583 4108 et
606 4041 642 4116 δὲ
663 4047 917 4133 particularitates
937 4065 967 4108 sc
990 4041 1166 4124 respondere
1218 4091 1220 4095 .
