2872 4584
281 273 346 344 500
389 251 396 284 n
776 249 827 322 ei.

283 447 342 503 iam
364 450 408 500 est
420 413 478 513 'qul
499 419 619 506 dubitet,
641 429 714 503 quin
735 409 807 483 baec
821 395 1040 480 constructionis
1055 399 1130 473 ratio
1149 428 1208 468 non
1224 400 1323 468 solum
1347 407 1351 412 “

285 530 322 586 ab
344 525 434 602 spicis
453 521 549 596 poetis
571 535 604 574 ac
627 512 743 589 lyricis,
770 525 894 581 quornm
917 501 1036 578 proprie
1057 498 1128 556 elim
1148 494 1201 552 ille
1222 493 1324 551 babitu
1426 493 1427 502 ’

136 609 138 618 l
197 633 199 637 ·
285 621 346 682 est,
368 625 466 665 verum
488 604 574 660 etiam
596 618 612 656 a
635 595 753 669 tragicis
772 591 865 682 poetis
887 597 915 645 et
936 585 1123 658 scriptoribus
1144 577 1251 636 Atticis
1274 576 1345 662 ssd-N

285 695 376 750 missa
399 689 460 762 sit,
477 684 508 742 id
532 681 610 757 quod
632 690 659 738 et
681 675 931 752 grammaticorum
955 677 1086 726 veterum
1109 663 1276 721 testimonio
1296 669 1325 718 et
1418 675 1420 685 ¹

272 774 443 832 ‘multorum
463 767 602 826 librorum
624 765 787 837 incorrupta
803 755 943 814 memorie
966 750 1179 826 comprobetur.

310 887 312 892 ’
374 892 411 952 Er
437 893 473 949 de
502 891 647 948 veteribus
664 875 1012 966 ⁴q'uidemgrammaticis
1033 871 1197 946 comparari
1219 868 1324 942 poterit

288 977 416 1038 Thomas
442 974 589 1048 Magister
616 991 647 1044 p.
677 971 749 1025 267.
780 964 825 1023 ed.
848 960 960 1034 Berm,
986 959 1039 1032 qui
1065 971 1241 1030 quamquem
1263 969 1324 1006 rem

288 1055 459 1121 arctioribus
481 1057 590 1114 lienibus
607 1050 841 1110 circumscribere
866 1044 943 1118 volt,
969 1049 1065 1099 temen
1088 1037 1267 1096 vel-inritus
1289 1033 1325 1089 de

270 1137 321 1204 're
344 1147 408 1218 ipsa
426 1140 570 1200 adfirmet.
611 1135 691 1193 Dicit
713 1128 791 1191 en'im
808 1129 896 1187 baec:
929 1119 974 1184 Τὸ
996 1115 1030 1185 cl
1048 1114 1135 1199 μετὰ
1153 1110 1325 1217 ὃριρῑικοῦ

118 1223 124 1228 ’
214 1255 216 1258 ·
291 1223 347 1290 noi
375 1219 525 1288 strennos
552 1213 606 1282 rial
632 1212 687 1278 καὶ
717 1210 774 1276 ἐπὶ
799 1211 864 1272 τῶν
891 1207 992 1291 τριῶν
1018 1197 1152 1284 χρόνων·
1180 1221 1219 1262 on
1240 1193 1326 1293 ,crecti

289 1303 516 1371 ὑποτακτικοῦ
542 1299 593 1368 δέ,
624 1293 710 1382 πλὴν
731 1291 874 1358 ἐπὶτῶν
895 1279 1175 1371 edisseruimus,
1202 1271 1274 1342 olor
1296 1300 1328 1340 ει

291 1384 458 1470 λάβωμαι,
482 1378 512 1447 εἰ
533 1376 724 1484 eprirpuprur.
768 1368 810 1438 Εἰ
834 1371 871 1437 δὲ
892 1361 1069 1454 Σοφοκλῆς
1091 1361 1180 1447 λέγει
1202 1359 1235 1425 ἓν
1252 1353 1327 1423 Ἀν-

291 1467 414 1555 τιγόνῃ·
442 1459 573 1538 κε’ίτις
600 1488 622 1548 ῃ
652 1454 798 1544 σοφός,
829 1446 1031 1540 ἠνάγκασται
1057 1444 1113 1511 ‹lrcl
1134 1443 1173 1508 cri
1195 1443 1326 1526 μέτρον.

293 1553 351 1612 llis
376 1553 473 1612 verbis
505 1544 804 1624 grammaticrrs‚satis
828 1548 927 1614 aperte
948 1537 1046 1611 prodit
1070 1525 1100 1594 el
1123 1551 1189 1589 cum
1209 1531 1330 1587 coniun-

293 1640 370 1695 ctiro
400 1636 436 1693 eb
462 1631 571 1690 Atticis
600 1647 717 1702 qnoque
738 1625 928 1699 scriptoribus
950 1617 1141 1692 compositum
1163 1633 1235 1672 esse.
1278 1609 1336 1668 Et-'

243 1741 251 1754 ⁴
282 1723 371 1780 ,euim
396 1716 473 1790 qnod
494 1715 545 1772 ille
569 1711 605 1774 de
629 1712 725 1769 verbis
749 1698 1022 1776 uir-‘luruowluuorg
1048 1700 1204 1771 concessit,
1225 1693 1256 1754 id
1279 1715 1330 1752 oe·

293 1804 419 1860 cessario
444 1801 571 1871 pertinet
601 1796 688 1854 etiam
713 1792 749 1850 ad
771 1791 885 1862 reliqua
906 1787 1013 1859 verba,
1042 1785 1111 1842 ride
1132 1800 1209 1855 quse
1232 1777 1355 1851 eupli-x

294 1886 369 1942 nevit
391 1881 428 1940 G.
442 1879 631 1939 Hermennus'
648 1880 679 1936 iu
704 1874 907 1944 dissertatione
930 1875 970 1926 lle
991 1869 1144 1944 praeceptis
1164 1861 1332 1942 quibusdum

189 2017 208 2039 ,.
294 1970 491 2028 Atticisturrrm
512 1961 623 2036 Opusc.
645 1960 703 2017 vol.
728 1957 752 2016 l.
777 1979 806 2030 p.
827 1957 888 2012 275
910 1971 992 2026 sqq.;
1019 1961 1048 2008 et
1070 1947 1148 2022 qnod
1168 1943 1331 2019 Sophocles

295 2059 327 2107 ut
357 2050 465 2106 laceret
493 2057 586 2104 metro
614 2045 677 2117 cogi
706 2048 835 2124 ppteret,
863 2039 888 2094 si
915 2035 1035 2094 omnino
1067 2033 1136 2090 telis
1162 2038 1247 2106 poeta
1272 2048 1332 2085 non

295 2140 388 2190 metro
418 2130 517 2204 potius
548 2130 614 2201 ipse
643 2124 839 2199 imperitavit,
870 2118 900 2178 id
929 2115 1011 2176 uullo
1032 2114 1118 2174 modo
1138 2114 1245 2187 poterit
1270 2131 1332 2168 non

295 2217 372 2272 bene
393 2211 497 2269 dictum
518 2229 591 2268 esse.
627 2206 729 2282 ltaque
747 2206 849 2263 melius
866 2204 1017 2276 eliquanto
1034 2197 1234 2274 grammaticus
1250 2192 1333 2252 Bek-

295 2295 365 2359 lseri
385 2296 418 2352 in
439 2296 502 2364 eius
521 2293 673 2350 Auecrlolis
694 2291 812 2362 p.·144‚
836 2292 887 2343 20.
910 2305 968 2360 upn
991 2281 1084 2340 solnm
1106 2280 1244 2338 concessit
1263 2279 1332 2336 sine

295 2381 352 2438 iste
378 2375 640 2448 circumscriptione
662 2370 769 2431 Atticis
797 2388 914 2442 quoqne
941 2367 1130 2440 scriptoribus
1158 2363 1237 2420 illam
1257 2379 1332 2420 cun·

269 2535 274 2539 ,
296 2462 501 2532 structionem,
526 2457 578 2516 s'erl
602 2455 687 2531 plura
706 2455 793 2514 etiarn
814 2455 878 2512 eius
898 2453 940 2509 rei
963 2447 1098 2524 exennpla
1118 2447 1224 2522 posuit.

348 2578 350 2590 '
381 2583 426 2642 De
447 2581 653 2656 recentioribus
678 2586 773 2637 eutem
794 2576 988 2653 grammaticis
1007 2573 1150 2646 imprimis
1168 2567 1334 2628 laudandus

297 2675 343 2726 est
366 2665 395 2725 G
418 2663 621 2738 Hermannus,
643 2665 694 2738 qui
715 2664 747 2719 in
768 2660 969 2720 dissertatione
991 2662 1033 2714 Dc
1054 2656 1194 2732 practiculo
1214 2645 1259 2716 ἂν
1278 2653 1333 2710 lib.

196 2795 200 2801 .
295 2748 335 2808 ll.
365 2769 428 2823 cap
454 2753 485 2806 l.
511 2770 541 2822 p.
562 2737 735 2806 siu-119.
757 2746 799 2803 ita
824 2740 902 2801 bunc
924 2759 1005 2798 usum
1026 2736 1187 2813 particulae
1212 2728 1242 2798 εἰ
1266 2754 1335 2795 cem

296 2833 479 2890 coniunctius
500 2832 674 2904 compositae
693 2837 857 2904 persecutus
880 2833 936 2898 est,
955 2833 986 2881 nt
1007 2825 1119 2881 ratione
1138 2819 1256 2896 singule
1278 2840 1334 2877 ex-

296 2923 405 2992 cuteret
433 2923 461 2970 et
490 2914 679 2972 examinaret.
722 2909 798 2970 Num
823 2907 866 2968 ὓ(
881 2904 1032 2980 Wexius,
1061 2907 1114 2978 qui
1141 2907 1175 2966 in
1205 2899 1336 2980 Sylloge

297 2997 333 3054 ed
354 2993 509 3068 Sophoclis
530 2993 710 3067 Antigonam
733 3015 762 3068 p.
788 2995 974 3050 187—193.
996 2989 1119 3048 eundem
1140 2996 1336 3056 rem-tractu·

296 3079 349 3149 vit,
371 3077 407 3134 de
431 3078 524 3150 poetis
544 3079 734 3149 potissumum
756 3075 933 3150 exquisivit,
963 3072 1050 3130 ceteri
1072 3079 1168 3128 autem
1187 3089 1334 3150 gramma-

296 3161 347 3218 tici
367 3161 430 3217 lere
452 3158 568 3232 singule
591 3167 726 3217 notarunt
748 3158 914 3214 autminus
936 3155 1116 3215 considerate
1135 3155 1172 3212 de
1192 3155 1336 3211 universo

190 3303 196 3325 x
297 3263 352 3299 usn
380 3242 611 3314 pronuntiarunt.
653 3238 727 3299 Nam
754 3241 780 3297 si
806 3239 941 3313 fuerunt,
971 3235 1101 3313 qni-boc
1121 3234 1335 3295 contenderent

296 3326 450 3382 discrimen
473 3323 587 3382 nullum
610 3321 791 3382 statuendum
816 3322 933 3395 rideri,
954 3331 1047 3379 utrum
1072 3313 1102 3382 el
1124 3341 1162 3378 eu
1184 3314 1241 3382 ἐὰν
1265 3339 1335 3377 cnm

296 3409 477 3465 coniunctius
499 3425 623 3480 poneres
645 3407 731 3462 etlam
749 3408 781 3462 in
802 3424 872 3463 vero
894 3413 980 3476 atque
1000 3405 1120 3476 antiquo
1141 3422 1286 3474 sermone,
1312 3405 1336 3460 ii

252 3495 259 3504 '
295 3489 366 3548 mibi
396 3486 507 3562 alirprid
536 3490 666 3564 posuisse
698 3485 849 3558 ridentur,
879 3487 956 3560 qnod
986 3485 1067 3544 nullo
1098 3485 1182 3543 modo
1204 3486 1337 3544 obtineri

294 3575 397 3646 possit.
440 3569 517 3630 Nam
538 3574 594 3628 etsi
615 3570 739 3629 concedo
760 3571 862 3640 facile,
893 3571 924 3626 iu
945 3569 1093 3642 plerisque
1113 3567 1205 3640 locis,
1224 3569 1276 3626 ubi
1301 3560 1337 3635 si

293 3657 371 3712 cum*
388 3655 570 3711 coniunctiro
598 3653 705 3713 dictum
733 3661 794 3724 eet,
825 3654 956 3727 potuisse
981 3653 1069 3709 etiarn
1097 3651 1154 3710 dici
1184 3645 1241 3713 ἐὰν
1265 3671 1337 3710 curn

114 3735 119 3742 ’
294 3737 395 3796 eodem
424 3737 505 3794 verbi
526 3735 628 3810 morlo,
656 3744 754 3794 tamen
779 3733 852 3792 illud
873 3733 1029 3792 concedere
1052 3733 1133 3792 nullo
1155 3731 1240 3792 modo
1261 3753 1338 3807 pos·

189 3887 192 3892 ¹
294 3841 375 3892 sum,
398 3818 480 3877 unllo
500 3818 527 3874 id
549 3821 708 3876 sententiae
731 3818 894 3876 discrimine
916 3815 981 3874 dici.
1024 3815 1087 3895 Qui
1109 3813 1263 3875 enim'boc
1279 3819 1337 3890 eit,

292 3905 320 3961 is
351 3904 436 3960 stiam
468 3901 540 3959 illud
572 3903 745 3959 contendere
774 3901 874 3970 debet,
913 3892 953 3960 iio
985 3901 1155 3972 particulam
1182 3900 1337 3958 interdurn

293 3981 370 4040 nibil
392 4003 475 4060 posse
498 3983 679 4058 significare,
706 3982 782 4057 spurci
805 3983 871 4040 lieri
895 4003 951 4038 non
975 3991 1164 4059 potest,aeeut
1184 3985 1210 4042 si
1233 3985 1336 4056 posita

135 4065 137 4077 '
204 4112 212 4128 .
247 4085 253 4098 ·
294 4085 354 4122 nou
378 4071 423 4136 sit,
446 4076 541 4123 tamen
563 4071 685 4138 pinsitam
706 4066 806 4141 videri,
829 4063 905 4142 qnod
923 4063 1077 4124 item‘lleri
1095 4069 1208 4140 nequit.
1251 4064 1336 4128 Nam
