2922 4592
310 285 376 354 462
734 241 935 362 doira·

312 459 407 532 ipsius
435 409 646 529 declararetur,
675 452 757 512 nulia
778 451 896 512 videtur
922 471 1025 513 caussa
1052 452 1161 527 fuisse,
1193 475 1280 528 qnam
1308 457 1346 515 ob
1439 467 1442 481 ¹

200 527 203 532 ⁵
312 562 376 600 rem
403 543 558 614 qnisquam
586 531 638 620 εἴη
664 539 760 611 potius
783 557 870 610 quam
895 523 995 638 ᾗΙιοο
1016 537 1079 595 Ιοοο
1101 538 1257 611 scriberet,
1286 543 1342 598 nisi

312 627 372 683 ianr
398 623 467 681 inde
494 626 531 680 ab
555 623 676 694 antiquo
704 629 834 706 tempore
856 639 890 679 ea
910 621 1052 694 scriptura
1075 629 1152 680 esset
1173 633 1344 696 propagato.¹

311 705 373 766 Sed
400 708 473 764 ratio
495 709 583 764 etiam
605 704 687 763 reddi
706 696 813 778 poterit
834 703 939 779 facite,
973 724 1025 761 cnr
1044 702 1232 783 Thucydides
1255 728 1342 780 quonr.

311 791 343 848 in
367 787 602 848 antecedentibus
627 788 813 848 secundariae
831 795 929 860 partes
948 789 1088 846 orationis
1113 799 1189 846 recta
1212 794 1342 853 oratione

311 864 440 932 elocutus
465 882 555 946 esset,
584 871 659 940 banc
682 891 770 929 unam
792 870 989 929 condicionem
1009 891 1065 944 per
1084 874 1259 948 optativum,
1291 878 1339 948 qui
1442 907 1445 922 ι

311 957 434 1014 aliorum
456 955 563 1014 iudicio
584 976 646 1014 rem
667 955 872 1026 summitteret,
899 957 1038 1028 posuerit.
1080 951 1156 1012 Vott
1181 960 1257 1014 enim
1276 979 1339 1016 ora·

310 1047 356 1098 tor
376 1037 462 1097 hoc
452 1053 564 1116 ipsum,
589 1049 685 1096 utrum
705 1046 903 1116 opportunum
920 1036 1034 1112 tempus
1056 1037 1092 1095 ad
1111 1038 1342 1114 adnavigandnm
1393 1095 1399 1099 .

310 1125 349 1183 sit
369 1143 479 1195 necne,
511 1143 552 1180 ex
571 1127 687 1210 eorum,
715 1141 785 1195 quos
808 1123 946 1194 navigare
964 1123 1061 1195 iubet,
1082 1123 1202 1181 arbitrio
1216 1145 1343 1222 suspen-
1444 1175 1445 1184 ι

225 1238 229 1242 -
309 1227 374 1264 sum
394 1207 505 1282 tacere,
525 1203 625 1279 itaque
643 1225 721 1279 pene
744 1207 905 1264 necessario
928 1205 1111 1264 scribendum
1133 1219 1228 1266 ester
1213 1197 1252 1290 ἥν
1273 1231 1341 1271 που
1444 1229 1445 1288 ι

208 1351 213 1360 ,
310 1285 428 1372 καιρὸς
449 1283 518 1374 εἴη,
543 1290 620 1364 qnod
641 1309 700 1347 non
725 1297 786 1348 cett
818 1287 906 1346 sicubi
927 1298 1112 1364 opportunum
1132 1298 1241 1390 ιοιιιιιιιι
1261 1301 1342 1365 essct,

308 1374 360 1433 aed
383 1377 498 1446 potius:
529 1374 618 1432 sicubi
638 1380 842 1448 opportunum
837 1380 952 1446 tempos
973 1391 1032 1428 esso
1050 1378 1210 1448 putarent
1200 1379 1265 1450 ipsi.
1305 1335 1342 1434 Id

198 1462 214 1500 -'
309 1457 404 1530 quod
411 1457 448 1514 ad
477 1455 554 1514 bunc
575 1457 671 1514 iocum
692 1453 1023 1513 accommodatissumnm
1046 1476 1111 1516 esse
1131 1475 1216 1514 nemo
1238 1461 1343 1532 poterit

227 1541 231 1545 ’
307 1539 439 1597 infitiari.
492 1538 646 1598 Planes
615 1541 706 1613 igitur
736 1537 890 1613 respondet
917 1536 964 1595 bic
983 1538 1063 1600 locus
1089 1541 1115 1598 ei
1142 1539 1222 1614 loco,
1255 1563 1343 1615 quern
1444 1595 1445 1600 ,

269 1683 273 1687 ,
307 1637 402 1696 nuper
425 1620 476 1679 Fr.
498 1621 579 1698 Aug.
601 1621 773 1682 Wolfins'
765 1643 795 1678 ιιι
816 1620 940 1680 Homeri
966 1623 1104 1695 Odysseae
1126 1622 1179 1681 lib.
1198 1623 1287 1685 xltt.
1312 1647 1341 1687 ι.
1356 1664 1361 1667 -

289 1709 426 1780 ‘ilion
447 1705 487 1764 ita
509 1709 647 1780 scriptum
670 1705 777 1764 edidit.
869 1758 878 1768 ,

308 1879 311 1887 Ι
404 1815 452 1878 ’ος
469 1837 511 1871 τοι
528 1819 556 1878 ἔς
576 1813 728 1902 aopriyopor
745 1817 948 1902 Λακεδαίμονα
965 1813 1022 1900 πὰρ
1040 1819 1189 1872 Μενέλαον

410 1880 495 1956 ᾤχετο
513 1882 684 1958 πευσόμενος
701 1883 771 1957 μετὰ
790 1883 841 1940 σὸν
858 1881 981 1952 κλέος,”
965 1903 1001 1952 ην
1017 1905 1072 1940 που
1090 1885 1123 1940 ἔτ’
1144 1889 1222 1956 sinc,

206 2043 209 2051 ν
305 2006 412 2082 Neque
439 2011 519 2067 euim
550 2009 594 2067 ibi
620 2008 712 2067 istud:
745 1996 786 2092 ήν
811 2027 880 2071 που
902 1998 945 2070 ἔτ’
969 1999 1055 2090 εἴης,
1090 1989 1176 2068 aliter
1198 2010 1341 2083 explicari

292 2101 409 2166 -potest
422 2094 482 2151 nisi
505 2100 538 2150 ut
558 2112 727 2166 suspensam
750 2111 813 2150 rem
833 2089 923 2150 facias
943 2111 998 2164 per
1018 2092 1178 2152 orationem
1193 2095 1338 2166 obliquam
1438 2159 1441 2171 ¹

305 2171 345 2234 e'x
366 2177 428 2234 eius
450 2184 565 2250 mente,
589 2179 639 2250 qni
660 2178 831 2235 sciscitatum
847 2176 991 2249 proiectus
1009 2195 1073 2234 esse
1093 2176 1206 2236 dicitur.
1254 2177 1339 2258 Quae

306 2279 394 2332 quom
418 2261 459 2317 ita
480 2262 557 2334 sint,
586 2260 671 2318 oredo
695 2261 785 2318 etiam
809 2260 842 2316 in
861 2256 1070 2332 Xenophontis
1092 2263 1252 2338 Disciplina
1274 2264 1342 2334 (inci

255 2343 257 2348 ’
304 2340 356 2400 lib.
384 2339 443 2403 lv
466 2363 529 2416 cap.
550 2351 589 2401 -.2
615 2348 642 2416 §.
668 2349 697 2402 6.
728 2363 787 2400 non
815 2341 1024 2400 sollicitandam
1051 2343 1136 2402 benc
1156 2350 1342 2423 optnnrorunr
1375 2391 1379 2398 .

298 2423 464 2524 librorum,
497 2425 752 2502 Guelpberbytani
785 2446 819 2484 ac
851 2423 1042 2524 parisiensis,
1070 2430 1259 2528 scripturam.
1298 2423 1342 2492 Oi

262 2582 266 2590 ι
305 2499 389 2572 de*
354 2504 589 2608 απεκρίναντο
617 2505 670 2572 ὅτι
697 2505 754 2570 καὶ
780 2501 819 2570 iio
847 2499 964 2609 αὔριον
986 2504 1093 2572 ἕωθεν
1113 2502 1250 2587 εὔζωνοι
1274 2535 1342 2576 πο-
1444 2559 1445 2562 ,

304 2610 472 2696 pecoroso,
501 2585 760 2690 καταλήψοιντο
788 2585 855 2654 ὑπὸ
878 2587 951 2696 poio
978 2593 1036 2654 τοῦ
1046 2577 1167 2692 ὄχλον
1192 2590 1248 2656 καὶ
1274 2595 1354 2662 τῶν,

280 2669 442 2752 ’ἁμαξῶν
473 2674 574 2760 σχολῇ
607 2668 816 2754 πορεύεσθαι
850 2666 971 2749 αὐτούς
1002 2667 1086 2750 utiq
1124 2685 1163 2736 uo
1184 2680 1270 2736 etism
1295 2681 1342 2738 ibi
1444 2709 1445 2736 ι

303 2757 434 2818 condicio
469 2770 574 2817 eventu
606 2759 724 2832 quidem
753 2760 964 2833 comprobanda
990 2778 1045 2832 per
1073 2763 1233 2820 orationem
1263 2763 1341 2821 obli-

302 2863 392 2918 qnam
413 2841 561 2902 efferatur.
605 2840 681 2902 Nanr
703 2842 781 2916 qood
802 2839 998 2902 Schneiderns
1021 2842 1141 2916 aliique
1153 2865 1215 2902 curn
1230 2846 1263 2902 in
1277 2844 1342 2904 edi-

205 2979 210 2984 .
302 2928 442 2985 tionibus
461 2928 609 2985 veteribus
643 2926 805 3000 legeretur.
844 2920 897 2989 ὅτι
923 2922 979 2987 καὶ
1008 2917 1125 3008 αὔριον
1152 2922 1272 3029 dundee,
1306 2922 1342 2990 ci

303 2999 440 3106 εὔζωνοι
453 3002 682 3109 πορεύοιντο,
708 3006 839 3107 Ζιιιιιιίιιι
865 3016 962 3068 autem
985 3009 1162 3082 scripsisset:
1200 3005 1253 3070 ὅτι
1276 3033 1341 3074 καν

302 3079 418 3193 αὔριον
440 3084 546 3152 ἕωθεν
561 3081 696 3189 εὔζωνοι
712 3084 940 3191 πορεύοιντο,
937 3092 1128 3152 scribendam
1145 3099 1340 3167 putaverunt:

263 3239 265 3242 ,
301 3163 355 3234 ὅτι
376 3161 436 3232 utto
459 3161 591 3254 αὔριον,
617 3166 648 3236 ei
671 3169 778 3236 εωθιν
800 3163 934 3252 εὔζωνοι
954 3169 1168 3258 πορεύοιντο,
1196 3175 1228 3234 id
1249 3198 1340 3252 prae-

193 3313 196 3316 ,
300 3262 432 3328 torquant
461 3257 539 3330 quod
565 3257 733 3316 ecodicum
755 3261 896 3332 scriptura
918 3260 1099 3334 aliquantum
1121 3258 1247 3333 recedit,
1283 3260 1340 3319 ba-

299 3338 369 3398 bet:
366 3340 465 3398 etiam
498 3340 689 3401 offensionem
718 3361 771 3415 eo,
812 3337 942 3415 qnod’
913 3365 960 3405 ον
989 3365 1057 3402 cunr
1080 3345 1210 3416 optativo
1242 3344 1339 3408 tutori

299 3425 483 3482 coniunctum
506 3433 566 3500 est,
598 3444 655 3500 qua
689 3424 725 3484 de
752 3445 785 3483 re
813 3445 900 3499 supra
932 3449 961 3500 p.
987 3430 1048 3484 147
1060 3445 1127 3498 sqq.
1155 3427 1340 3500 explicatum

299 3515 352 3565 eat.
395 3505 435 3564 Et
463 3509 495 3566 in
516 3506 571 3568 hoc
592 3508 712 3581 quidem
732 3507 941 3584 Xenophontis
968 3511 1032 3568 loco
1055 3500 1179 3590 ἢνοιιιιι
1203 3514 1340 3582 optativo

289 3591 482 3649 coniunctum
510 3592 626 3651 incitem
651 3595 868 3652 excusationem
887 3591 975 3652 habet
996 3594 1032 3650 ab
1053 3594 1183 3651 oratione
1202 3595 1339 3668 obliqua,

185 3737 189 3742 ,
296 3675 329 3732 in
362 3673 452 3732 altero
478 3683 574 3734 autern
598 3674 806 3750 Xenophontis
835 3677 919 3750 loco,
946 3697 1033 3750 quem
1055 3673 1215 3734 adtutitG.
1237 3675 1341 3736 Bern-

200 3783 205 3787 ·
285 3754 425 3832 -bardy
414 3779 447 3814 ιιι
466 3760 592 3830 Syntoni
616 3762 665 3816 Gr.
688 3762 755 3834 ling.
778 3781 808 3833 p.
832 3764 904 3818 412.
930 3780 947 3816 e
973 3761 1047 3817 libro
1080 3764 1122 3816 De
1151 3757 1245 3830 officio
1267 3781 1341 3818 ιιιιι-

286 3845 389 3942 gistri
402 3844 523 3938 equitum
544 3863 608 3916 cap.
631 3840 703 3902 Vll.
729 3847 758 3914 §.
782 3842 828 3914 4.
852 3845 903 3900 ubi
924 3841 996 3900 baec
1017 3841 1173 3913 habentur:
1202 3833 1274 3902 'Hv
1296 3839 1342 3904 δὲ

296 3915 359 4018 ’it
346 3919 417 4021 μὲν
435 3916 535 3996 πόλις
562 3919 730 4026 τρέπηται
755 3918 813 3986 ἐπὶ
838 3921 879 3986 τὰ
894 3920 1038 4026 ναιπικά
1060 3921 1116 3986 καὶ
1139 3918 1224 4006 doni
1246 3917 1342 4022 αὐτῇ

221 4012 230 4016 “
296 3999 339 4065 τὰ
360 3999 456 4104 τείχη
486 4003 675 4082 διασώζειν,
705 4001 819 4108 ὥσπερ
847 4003 902 4070 καὶ
931 4000 1035 4070 ὁπότε
1062 3955 1343 4110 Λακιδαιιιόνιιιι

284 4079 357 4148 uia
377 4081 490 4154 donoc,
508 4091 579 4163 τοῖς
587 4085 739 4169 Ἓλλησιν
751 4087 862 4170 scipta)
858 4114 914 4162 ον,
935 4113 1014 4165 τους
1031 4084 1096 4154 δὲ’
1085 4100 1214 4165 enneae
1228 4085 1343 4167 ἀξιώ-
