2900 4584
446 223 869 333 yi‚:y,e‘.soa,·'yoiia.3.
1110 241 1184 318 Μ,

138 405 206 474 aaa
231 411 339 472 unitur
366 399 426 489 οὐχ
454 395 554 495 tato
569 433 644 496 pe„
664 418 698 472 at
711 409 777 472 'aaa
804 413 868 474 rm
891 400 1177 490 castaneam.

136 497 331 570 supplendum
356 497 410 554 sit:
439 500 492 554 etsi
510 515 567 556 non
586 497 661 573 plns,
684 516 742 556 non
760 500 853 556 minas
872 499 980 574 onmem
1002 499 1090 572 tlebis,
1114 509 1176 560 tum

136 581 258 638 dicitur:
285 574 389 662 μηδὲν
416 569 520 662 ταύτῃ
544 600 581 658 ys
609 572 775 663 κομήσῃς,
806 580 1114 660 attrectantes,
1141 585 1181 645 de.

135 665 201 722 aliie
225 663 308 721 sebas
327 682 385 720 oon
405 663 540 736 incpedio,
563 663 698 737 plorimi,
728 663 855 736 denique
876 657 930 725 ὅτι
950 683 986 742 ys
1009 660 1113 744 ζητεῖς
1132 668 1177 728 sic

135 749 263 824 ponitur,
280 753 313 804 nt
328 745 528 819 supplendum,
542 747 596 804 sit:
618 745 651 804 ob
668 765 731 806 ouen
743 765 877 824 pons-scon
891 747 1010 822 quidem,
1026 745 1101 821 qnod
1114 756 1174 818 etc,

135 849 211 904 qnae
241 831 387 889 sententia
414 829 479 901 ipsa
508 847 623 902 quoqne
648 848 713 885 ‘non
744 835 839 903 potest
866 829 1019 902 explicari:
1037 828 1096 888 uisi
1123 849 1177 902 per

135 912 280 988 qnamdam
301 912 437 986 ellipsin:
466 916 551 970 ctione
572 915 599 969 st
621 910 655 968 de
678 911 745 972 aliis
767 915 885 982 onoma,
909 931 965 970 non
985 912 1018 969 de
1038 912 1093 970 buc
1113 915 1178 987 qoi-

133 998 197 1055 dem
217 1015 329 1066 corroso,
351 995 424 1072 qood
445 1003 494 1053 etc.
537 993 584 1053 De
606 997 728 1070 repetita
747 996 780 1052 in
799 1015 857 1053 nna
876 994 1020 1054 sententia
1036 995 1178 1067 particula

133 1075 171 1160 γὲ
193 1077 270 1138 idem
290 1077 457 1136 habendum
479 1084 532 1154 est,
554 1079 631 1137 conl.
653 1075 806 1154 Sophoclis
828 1079 895 1138 voc.
918 1079 1014 1137 Golon.
1034 1097 1064 1136 v.
1083 1081 1156 1136 981.

146 1223 149 1228 ·
199 1249 202 1254 -
255 1211 321 1270 Παῖς
338 1208 368 1279 γ’
390 1203 427 1264 ἂν
445 1205 474 1263 τό
492 1206 522 1278 y‘
543 1198 612 1264 ἆκον
628 1207 738 1284 πρᾶγμ’
761 1204 923 1270 ductabatur
941 1207 1057 1278 ψίγοιςς
1127 1257 1129 1265 t

135 1329 171 1390 de
200 1353 257 1405 qno
280 1329 344 1389 loco
375 1339 453 1390 recte
482 1334 542 1390 iam
563 1331 749 1390 existumavit
772 1327 823 1388 Fr.
844 1327 998 1388 Ellendtus
1019 1331 1051 1388 iu
1075 1331 1178 1390 Lean:

137 1417 288 1492 Sophocleo
308 1416 368 1475 vol.
389 1413 413 1474 I.
435 1438 465 1490 p.
489 1420 576 1488 348„
601 1416 652 1489 qui
673 1417 715 1474 sic
734 1411 841 1474 Latine
861 1412 1003 1473 reddidit:
1030 1413 1174 1482 Quomodo

138 1499 252 1575 quidem,
275 1496 411 1576 qnod'rne
433 1507 504 1557 certe
525 1499 633 1558 nolente
654 1499 767 1572 (possis
788 1499 892 1555 etiam:
915 1496 1088 1554 caenolenta
1109 1500 1174 1572 qni-

139 1581 214 1660 dam)
237 1582 343 1655 foctnm
367 1591 420 1652 est,
443 1587 503 1640 iore
526 1580 684 1657 vituperes?
709 1589 742 1639 nt
764 1579 840 1639 hune
865 1599 983 1654 quoque
1006 1578 1101 1636 locum
1120 1597 1174 1652 per

138 1666 252 1740 ellipsin
280 1667 366 1725 tacite
396 1665 513 1740 quidem
537 1663 744 1724 instituendam
772 1662 975 1740 explicandum
1000 1681 1065 1723 esse
1084 1661 1174 1722 focile

137 1749 282 1824 appareat.
896 1787 899 1796 .
1127 1748 1129 1756 ’

220 1831 281 1890 Sed
307 1832 343 1891 de
371 1832 506 1908 universa
533 1829 621 1891 huius
648 1830 807 1905 particulae
830 1831 860 1889 ei
881 1847 914 1888 ac
934 1834 1079 1904 potestate
1099 1825 1173 1887 haec

139 1917 207 1974 satis
229 1915 302 1974 dicta
325 1924 415 1975 sunto.
456 1913 555 1974 Facile
577 1917 657 1974 enim
678 1917 804 1988 quisque
828 1933 861 1972 ea
883 1911 1031 1987 exempla,
1057 1930 1133 1986 quae
1154 1931 1173 1970 a

137 1999 221 2059 nobis
242 1994 376 2057 hic'tacta
400 2021 459 2058 non
480 2007 564 2076 sunt,
587 2020 604 2058 e
624 2007 725 2058 nostra
749 2000 860 2062 ratione
881 1997 1012 2056 iudicans
1033 1995 1172 2069 persequi

134 2083 198 2156 ipse
225 2085 340 2158 poterit.
382 2079 542 2158 Reliquum
572 2089 633 2156 est,
662 2090 694 2141 ut
724 2081 760 2142 de
788 2079 911 2156 siugulis
934 2080 1063 2138 locorum
1083 2073 1178 2152 gene-¹

132 2167 222 2240 ribos,
243 2170 275 2224 in
297 2168 401 2242 quibua
421 2156 492 2226 baed
510 2167 650 2243 particula
671 2163 822 2226 ahiraecis
842 2166 926 2239 quasi
942 2163 1087 2223 sollemui'
1099 2181 1172 2235 quo·

131 2247 196 2307 dam
227 2271 309 2310 more
340 2253 475 2326 usurpari
508 2253 593 2311 solita
623 2257 683 2328 est,
715 2252 816 2325 paucis
847 2267 1058 2326 exponamus·
1092 2243 1170 2306 Nam
1277 2245 1281 2252 ’

131 2355 306 2408 quemquam
334 2357 373 2393 ne
405 2336 438 2394 iu
462 2333 517 2395 ‘his
546 2334 664 2410 quidem
691 2334 765 2394 locis
795 2333 853 2392 alia
882 2336 927 2395 ris
954 2329 1113 2410 particulae
1133 2323 1171 2410 ys*

130 2419 310 2492 agnoscenda
341 2427 385 2478 est
416 2426 503 2494 atqua
529 2421 562 2478 in
591 2419 693 2478 ceteris
724 2419 794 2477 locis
819 2419 969 2492 omnibus,
1002 2425 1100 2474 tamen
1126 2411 1171 2470 lo·
1242 2427 1246 2436 '

130 2503 238 2575 qnendi
263 2503 470 2562 consuetudine
498 2506 580 2578 qnasi
608 2502 749 2577 quaedam
774 2501 887 2559 dicendi
912 2499 1056 2558 formulae
1084 2505 1170 2557 natae

130 2594 207 2663 suut,
229 2607 300 2661 qnae
321 2607 380 2646 non
400 2587 670 2662 praetermittendas
693 2605 756 2644 essa
779 2585 911 2658 arbitror.

142 2679 145 2686 '
212 2669 261 2744 Ac
278 2673 403 2746 primum
420 2671 538 2746 quidem
554 2671 586 2728 iu
606 2669 937 2728 exclamationibus
957 2672 1045 2738 atque
1064 2667 1168 2737 opta·
1245 2659 1282 2714 1⁸3

113 2747 298 2836 'tionibus
319 2775 441 2830 magnus
463 2774 495 2812 ac
515 2773 592 2829 pene
614 2751 781 2828 singularis.
793 2767 862 2808 usus
883 2741 927 2808 es't
948 2747 1106 2822 particulae
1121 2739 1167 2827 γέ,
1183 2750 1349 2833 tumulum-

128 2840 208 2896 cuius
222 2841 263 2897 rei
277 2841 386 2915 aliquot
402 2839 537 2912 exempla
550 2841 614 2896 iarn¹
625 2853 711 2910 supra
723 2835 815 2908 posite
830 2843 917 2906 atque
932 2832 1077 2904 explicate
1090 2837 1167 2888 sunt.
1225 2829 1305 2872 Μ’·

126 2917 210 2980 Addi
232 2931 328 2998 potest
346 2921 556 2997 Aristophanis
577 2922 657 2979 locus
681 2939 697 2978 e
723 2918 1024 2995 Thesmoplcocioznsis
1044 2933 1073 2976 u.
1096 2915 1167 2973 615.

254 3057 259 3066 ·
334 3034 432 3114 Πολρν
448 3055 481 3112 7⁸.
494 3029 600 3112 χρόνον
617 3032 708 3108 οὐρεῖς
725 3027 769 3086 σύ.
1080 3095 1084 3104 .

126 3137 173 3198 lbi
194 3141 281 3219 facile
301 3143 491 3219 intellegitur,
516 3144 618 3202 ceteris
642 3141 730 3198 rebus
751 3139 865 3197 omissis
886 3133 922 3194 de
942 3133 1029 3210 longo
1048 3131 1168 3207 quiden

127 3233 257 3299 tempore
287 3225 452 3286 adseverari
481 3247 533 3302 per
552 3223 598 3307 pri
627 3221 805 3299 particulam.
855 3217 918 3280 Nec
944 3237 991 3277 ras
1022 3215 1078 3276 hoc
1102 3215 1167 3276 loco

126 3312 376 3368 commemoranda
400 3311 563 3382 videretur,
586 3311 653 3368 -nisi
675 3306 817 3381 quaedam
836 3302 981 3362 formulae
1001 3296 1070 3358 hinc
1090 3321 1168 3358 corn·

125 3396 237 3465 positae
267 3401 380 3466 essent,
412 3396 444 3451 in
477 3395 584 3468 quibus
612 3395 706 3466 prima
741 3412 773 3449 ac
801 3391 901 3447 nativa
930 3388 975 3445 vis
1008 3384 1168 3458 particulae

124 3471 225 3549 paullo
237 3471 391 3534 vdillicilins
409 3477 597 3550 intellegitur.
641 3472 759 3531 Etenim
775 3494 834 3530 nou
850 3472 944 3529 solum
958 3471 988 3526 in
1006 3470 1069 3526 ‘eins
1088 3465 1180 3526 modi¹

125 3562 284 3618 enuntiatis
304 3581 367 3618 cum
389 3559 531 3617 adverbiis
552 3559 723 3632 quibusdam
744 3559 837 3632 aptius
859 3555 1010 3613 coniuncta
1024 3551 1168 3627 particula

125 3645 314 3720 estpqnalia
342 3652 425 3704 sont:
464 3631 510 3703 Εὖ
535 3663 587 3722 γε,
618 3635 737 3714 Καλῶς
759 3661 809 3722 γε,
832 3630 968 3721 Ὀρθῶς
988 3657 1039 3718 γε,
1069 3629 1167 3695 Πάνυ

124 3741 177 3806 pta
194 3723 334 3810 Σφόδρα
347 3744 392 3808 γε,
415 3719 524 3786 Μάλα
539 3744 575 3803 γε
589 3733 616 3782 ct
631 3723 747 3798 similia,
769 3725 805 3783 de
822 3726 938 3797 quibus,
961 3738 1048 3794 quom
1063 3713 1178 3800 eodem*=

123 3811 211 3870 modo
243 3814 331 3870 etiam
360 3814 392 3872 in
423 3809 615 3884 responsione
644 3807 740 3866 locum
766 3807 920 3884 habeant,¹
940 3805 1019 3866 iutra
1044 3797 1179 3858 'dicendi'

122 3893 204 3954 locus
230 3897 301 3970 erit,
326 3894 378 3954 sed
399 3917 464 3953 com
483 3895 555 3968 ipsis
578 3911 695 3967 qnoque
719 3888 902 3947 exclamandi
919 3885 1165 3961 'particulia‚‘ra·

122 3977 179 4040 luti
203 3980 237 4040 iu
257 3977 469 4058 Aristophanis
489 3983 564 4036 Pace
586 3976 689 4034 dicitur
708 3995 737 4035 v.
759 3969 832 4031 2802
1092 3985 1095 3992 ·
1172 3965 1178 3994 ³

341 4109 424 4181 Οἴμοι
441 4106 531 4178 τάλας,
548 4109 626 4180 οἴμοι
640 4086 678 4180 γεΙ
690 4101 750 4182 aedt’
771 4107 849 4174 οἴμοι.
863 4094 959 4177 μίξὶαο,
992 4155 994 4160 ,
