2872 4584
372 210 380 222 ’
427 283 431 292 ,
505 217 606 294 ἕως,
640 215 761 297 τέως.
825 197 832 206 .
1089 226 1154 292 569

120 385 296 466 μαστιγοῦν
317 382 374 446 τὸν
392 379 572 464 ἐκδοθέντα
595 381 650 446 καί
671 384 858 468 στρεβλοῦν,
882 382 945 465 ἕως
962 383 1001 453 bb
1018 382 1151 475 τάληθῆ

122 462 246 542 δόξειεν
267 459 382 542 αὐτοῖς
400 461 505 546 λέγειν
528 459 592 528 ari.
636 467 712 528 Nam
734 467 769 527 de
790 467 1001 545 Xenophontis
1024 475 1087 534 loco
1110 497 1151 534 ex

119 551 278 626 Disciplina
311 553 376 622 Cyri
407 551 457 608 lib.
485 547 543 608 lv.
577 571 640 624 cap.
675 555 704 610 5.
737 556 766 623 §.
795 559 863 625 36„
898 557 976 627 qnod
1000 579 1077 616 nuuc
1104 570 1150 618 est

115 653 136 690 va
164 633 246 691 libris
276 636 431 707 scriptum:
472 627 559 705 Tube
589 630 626 696 δὲ
652 633 779 708 ἵππους
799 631 950 700 ἐκέλευσε
971 633 1149 720 φυλάττειν

118 712 274 794 μένοντας
301 711 378 788 τοὺς
409 705 608 792 ἀγαγόντας,
631 712 694 788 ἓίυς
721 705 761 778 ι’ίν
789 737 840 790 τις
869 709 998 802 σημαΓνῃ
1023 712 1148 796 αὐτοῖς,

117 807 212 868 potest
243 799 388 870 dubitari,
420 817 595 870 quamquam
626 798 831 872 ἰ]Ιιιι1,ἀιιοι1
860 802 948 874 volgo
980 805 1146 876 legebatur:

117 873 178 950 ἕως
199 867 239 938 ίίν
259 900 309 952 τις
330 873 515 961 οηριανθείρ
535 868 662 953 αὐτοῖς,
683 891 803 954 propter
820 885 979 952 orationem
1000 886 1148 958 obliquam

115 973 189 1020 recte
212 962 306 1019 locum
328 964 371 1020 ibi
391 960 499 1018 habere
520 972 661 1035 potuerat.
705 961 765 1022 Set
786 961 834 1021 lric
855 987 923 1023 usus
945 970 1013 1026 satis
1036 972 1149 1028 ratione

116 1055 201 1118 atque
223 1045 357 1117 analogia
376 1045 499 1104 aliorum
520 1045 649 1102 locorum
670 1045 852 1122 defenditur,
874 1047 910 1106 ‹le
932 1053 1037 1122 quibus
1062 1054 1147 1108 rebus

115 1128 245 1186 conseras
275 1130 363 1206 velim
393 1124 432 1185 G.
459 1124 663 1188 Hermannum
695 1135 737 1188 Dc
765 1132 906 1208 porticulo
934 1153 979 1193 αν
1010 1133 1062 1190 lib.
1090 1129 1145 1192 ΙΙΙ.

115 1229 176 1286 cap.
199 1215 227 1269 4.
250 1232 278 1284 p.
303 1215 363 1268 147
384 1231 448 1284 sqq.
819 1267 821 1272 .

194 1291 265 1350 Alia
291 1295 364 1352 ratio
390 1300 436 1352 est
463 1291 581 1350 illorum
606 1291 751 1368 locorum,
778 1294 811 1350 in
834 1293 938 1367 quibus
960 1295 998 1354 ad
1020 1290 1084 1368 ἱίος
1103 1299 1146 1355 ita
1201 1346 1211 1356 .

112 1373 244 1432 adiicitur
270 1366 309 1436 ltu
338 1397 402 1432 cum
429 1376 575 1450 optativo,
607 1385 639 1432 ut
667 1379 760 1434 oratio
789 1395 860 1434 vere
885 1377 1004 1454 obliqua
1026 1379 1145 1452 (pridem
1245 1419 1276 1442 ,=

112 1478 171 1514 non
204 1460 258 1532 sit,
288 1457 339 1516 sed
369 1458 493 1532 quadam
521 1461 740 1516 constructionis
767 1457 941 1518 adtractioue
968 1470 1064 1520 tannen
1091 1463 1143 1519 illa

113 1541 176 1613 ipsa
202 1543 373 1598 constructio
394 1550 533 1614 ponatur,
561 1539 653 1598 veluti
682 1542 713 1598 in
742 1539 872 1608 Platonis
893 1544 1041 1602 Pirucrluuc
1064 1542 1142 1606 Part.

75 1672 81 1678 .
111 1617 149 1680 ll.
178 1623 239 1679 vol.
265 1620 320 1681 Ill.
347 1644 376 1696 p.
400 1627 451 1682 94.
480 1621 526 1678 cd.
548 1620 647 1680 Bell.
675 1645 707 1696 p.
732 1630 802 1682 101.
825 1622 865 1680 D.
894 1625 938 1682 erl.
969 1623 1010 1684 H.
1034 1623 1140 1700 Steplr.

110 1697 152 1764 El
173 1701 211 1767 δέ
230 1725 281 1778 τις
302 1695 405 1784 αὐτῆς
423 1703 482 1785 τῆς
501 1695 697 1778 ὑποθέσεως
718 1696 834 1780 ἔχοιτο,
854 1701 981 1784 χαίρειν
1001 1696 1084 1789 aptus
1101 1699 1142 1768 riis·

111 1781 166 1848 καί
188 1776 248 1848 οὐκ
269 1776 485 1866 ἀποκρίναιο,
508 1779 570 1858 ἑίος
595 1777 635 1844 bb
657 1776 719 1846 ἀπ’
744 1779 868 1868 ἐκείνης
888 1785 930 1847 τὰ
950 1781 1141 1870 ὁρμηθέντα

88 1865 269 1947 ,οκὲψαια
297 1859 333 1929 ai‘
350 1887 405 1930 σοι
427 1857 583 1948 ἀλλήλοις
604 1862 773 1947 ξομιριονεῖ
793 1859 814 1947 ἢ
837 1865 1014 1946 (isembruni,⁸
1035 1871 1146 1943 qulbus

109 1951 145 2008 de
170 1951 243 2008 locis
269 1949 336 2010 virle
363 1969 439 2022 quae
461 1947 619 2022 prudenter
643 1949 801 2019 disputavit
828 1947 860 2006 G.
881 1947 917 2006 E.
942 1949 996 2010 Ch.
1018 1949 1140 2010 Schnei-

108 2033 194 2094 derus
218 2033 254 2090 ari
280 2032 416 2090 Platonis
434 2033 579 2089 Civitatem
600 2031 658 2088 rol.
678 2029 717 2088 ll.
739 2052 769 2104 p.
791 2035 862 2088 205.

114 2173 117 2180 ,
189 2115 345 2174 Dilticilior
369 2118 455 2172 eliam
476 2115 682 2186 illaquaestio
706 2125 751 2170 cst
771 2117 900 2186 possitne
921 2113 1022 2172 eodem
1045 2114 1140 2186 modo,
1175 2104 1297 2169 Ἓωςᾶν

107 2218 164 2273 quo
192 2200 221 2256 id
249 2201 353 2256 suctum
383 2207 426 2254 est
447 2199 479 2254 iu
501 2189 574 2267 ἐάν,
602 2191 698 2268 ὅταν,
728 2189 798 2256 ἔστ’
825 2187 864 2256 ltu
890 2197 1055 2270 particulis,
1084 2196 1140 2255 dici
1170 2194 1227 2292 ‚³¹¹5
1248 2194 1303 2258 ⁰9¹²
1402 2183 1410 2198 ⁸

105 2285 191 2340 etiam
220 2278 282 2354 ἕως
303 2273 344 2342 llo
364 2302 428 2338 oum
448 2279 621 2350 indicativo,
651 2277 789 2351 utillud,
816 2279 892 2352 quod
914 2281 1015 2336 incerti
1032 2300 1064 2338 ac
1081 2280 1139 2337 lor·
1168 2255 1305 2362 &53:1⁰

104 2367 173 2422 tuiti
193 2363 304 2426 adserat
326 2355 364 2424 llo
386 2361 540 2436 particula,
564 2363 679 2435 penitus
702 2361 890 2418 obsorbeatur
908 2363 1033 2434 quodam
1052 2363 1139 2420 modo
1215 2392 1264 2430 ror.
1309 2373 1314 2390 ⁸

106 2450 136 2506 in
162 2448 283 2505 relativa
301 2447 418 2503 notione
439 2445 612 2518 particulae,
635 2451 682 2517 ut,
707 2445 755 2500 ubi
777 2441 814 2500 ad
838 2445 957 2502 verbum
978 2446 1139 2518 veniamus,

104 2551 164 2588 noo
185 2533 242 2586 iam
265 2531 423 2604 cogitemus
447 2527 481 2583 de
503 2527 620 2582 fortuita
642 2543 756 2596 caussa,
780 2523 830 2582 sed
852 2519 958 2582 certam
978 2545 1041 2584 rem
1062 2526 1138 2582 dica·

105 2631 187 2685 mus,
221 2631 277 2686 qua
307 2611 342 2668 de
371 2629 402 2666 re
433 2610 486 2666 etsi
514 2607 631 2664 difficile
661 2615 705 2666 est
725 2605 894 2679 adfirmare,
927 2607 1003 2678 quoti
1026 2610 1139 2682 etipsa

105 2705 210 2752 natura
242 2713 294 2752 sua
321 2693 404 2766 pauci
427 2694 488 2748 eins
512 2689 591 2747 modi
614 2687 672 2746 loci
697 2690 822 2745 inveniri
845 2698 967 2760 possunt
989 2697 1016 2746 et
1040 2692 1063 2746 si
1087 2691 1139 2760 quui

105 2779 162 2838 loci
183 2778 387 2851 inveniuntur,
416 2775 437 2831 ii
459 2771 526 2830 iude
547 2772 582 2830 ab
603 2772 767 2842 antiquiore
786 2779 878 2828 aetate
895 2770 957 2827 lero
976 2790 993 2827 a
1012 2769 1138 2828 librariis

58 2903 65 2912 »
105 2883 140 2920 ac
162 2860 353 2935 grammaticis
377 2859 476 2912 nautati
500 2853 700 2928 suut,'tamen
724 2873 784 2910 uon
806 2851 1018 2926 denegaverim.
1061 2851 1138 2910 Nam

104 2957 133 3006 ct
155 2943 287 3016 reliquus
310 2961 378 3000 usus
403 2958 516 3012 earam,
538 2938 573 2995 ds
595 2937 699 3009 quibus
720 2936 958 3008 commemoraui,
984 2935 1137 3008 particula·

101 3040 168 3088 rutn
194 3047 257 3084 rem
280 3024 351 3082 facit
374 3020 628 3081 verisimiliorem
658 3027 686 3076 et
716 3018 794 3091 quod
820 3021 995 3090 posteriores
1017 3021 1137 3090 scripto·

102 3132 153 3170 res
182 3129 271 3182 saepe
296 3110 337 3166 ita
356 3106 443 3163 locuti
465 3114 542 3170 sunt,
572 3123 606 3160 eo
628 3101 662 3159 fit
681 3100 831 3176 probabile
853 3100 996 3159 veteribus
1020 3102 1137 3173 quidem
1206 3168 1208 3171 Ι

101 3193 292 3266 scriptoribus
328 3188 405 3246 hrrnc
437 3186 551 3244 dicendi
587 3205 696 3242 rnorem
725 3205 785 3240 uon
817 3203 936 3256 prorsus
967 3185 1136 3240 inusitatum

102 3279 205 3348 fuisse,
227 3283 258 3331 ut
279 3275 303 3330 si
323 3270 437 3344 (rorando
458 3271 623 3327 inveniatur
640 3266 714 3342 upurl
734 3267 867 3324 meliores
886 3276 972 3337 atqua
989 3267 1135 3336 antiquin-

102 3380 152 3418 res
171 3359 327 3430 scriptores
343 3355 394 3412 illa
414 3353 601 3419 constructio,
620 3349 789 3422 notandam,
808 3369 868 3404 nou
887 3346 1053 3402 uurtandam
1072 3365 1134 3402 esse

102 3445 278 3502 existumem
293 3448 311 3512 ‚'
341 3431 431 3494 veluti
451 3431 496 3492 vrri
528 3432 603 3505 alind
624 3431 814 3506 *Dionysium
846 3427 1134 3484 Halicarnassensom

34 3529 36 3533 ’
78 3524 310 3599 ‘Arabim-Rom.
340 3539 371 3591 p.
404 3520 499 3589 1194,
531 3517 560 3570 b.
590 3514 711 3588 legitur:
745 3499 871 3570 Ἐδόκει
900 3509 940 3589 τῇ
971 3501 1133 3568 Μενινίοιν

99 3607 250 3688 χρῆσθαι
280 3595 409 3682 γνώμῃ,
439 3592 502 3668 ἕως
522 3587 563 3655 ι’ίν
583 3595 731 3675 καθῆκεν
751 3585 769 3651 ri
793 3583 891 3669 λόγος
912 3586 960 3662 νίς
980 3579 1135 3649 abolsu-

102 3709 193 3751 οιτον.
236 3680 318 3751 Vide
341 3699 416 3754 qtras
439 3697 526 3750 supra
549 3698 578 3749 p.
600 3679 660 3732 468
682 3691 748 3746 sqq.
774 3675 805 3731 in
825 3673 964 3744 particula
987 3666 1042 3732 ἐὰν
1065 3673 1135 3727 scri-

76 3745 78 3759 *
101 3774 216 3846 psiurns
238 3776 266 3826 et
287 3788 318 3840 p.
340 3766 401 3822 558
416 3782 463 3835 sq·
485 3763 516 3817 iu
534 3752 606 3819 ἔστε
619 3756 768 3832 particula.
800 3753 849 3812 De
866 3751 1022 3812 serioribus
1038 3762 1135 3810 autem
1223 3789 1226 3792 -

102 3853 291 3927 scriptoribus
313 3857 380 3904 nota
402 3865 449 3902 res
473 3854 525 3899 estu
845 3858 848 3867 ‘

188 3935 325 4004 Denique
352 3938 383 3986 ut
416 3920 504 3996 ἔστε,
533 3925 573 3980 sic
599 3923 685 3978 etiam
711 3914 772 3991 t'uc
794 3918 964 3992 particulam
987 3937 1050 3973 raro
1072 3918 1136 3988 qui·
1160 3923 1235 3985 Ἕως
1252 3945 1306 3976 oum

101 4021 171 4077 dem
198 4027 228 4076 et
254 4014 330 4090 apud
360 4011 535 4088 posteriores
556 4005 618 4064 fero
640 4004 790 4077 scriptores
810 4003 943 4074 sequntur
963 4000 1137 4072 infinitivus,
1169 3997 1301 4045 tunulum.
