2902 4586
637 261 755 337 'itte
781 268 850 356 μέν
876 291 953 338 τοι.

567 459 732 551 Mtte
781 482 883 568 μέν
934 506 1039 550 τοι.

121 638 201 696 Ἀλλὰ
217 643 272 714 μέν
372 635 533 697 Particulue
559 627 643 699 ἀλλὰ
668 633 729 718 μέν
756 655 826 714 τοι,
855 657 930 711 queue
956 640 1021 714 ipse
1043 643 1145 696 nature
1166 656 1219 697 sua
1242 633 1320 695 nihil

70 713 75 726 ’
172 728 222 767 1⁰1·
289 719 368 780 uliud
389 721 497 798 dicunt,
517 722 576 780 nisi
595 719 668 779 hoc:
696 721 737 778 Ae
751 740 820 779 sune
834 739 942 799 quoquo
956 721 1037 781 mode
1062 755 1099 768 -
1122 741 1190 778 nam
1205 718 1240 778 de
1253 740 1319 794 par-

287 805 375 862 ticule
399 801 451 867 coi
477 807 536 863 iam
565 824 654 878 supra
678 803 823 879 vidimus,
853 825 929 879 quae
954 803 1111 880 respondet
1129 802 1238 863 Latino
1262 807 1318 879 qui,

229 915 233 924 ¹
288 887 366 962 quod
387 894 430 946 est
451 907 477 945 c.
499 909 529 963 g.
552 889 584 944 in
604 887 744 962 particule
764 891 858 963 utqui,
887 889 908 945 i.
930 908 956 947 e.
979 897 1010 947 ut
1030 908 1139 965 quopoo
1159 887 1259 956 modo,
1275 894 1326 942 ·nt.

286 969 374 1045 istud,
397 969 474 1044 quod
490 991 547 1044 per
562 968 772 1029 adversativum
792 969 1023 1029 adfirmatiouem
1045 963 1234 1048 [cilicinis]
1253 988 1320 1042 pro·

283 1056 449 1128 nuntiatur,
472 1053 597 1127 quodum
617 1053 702 1111 modo
723 1072 776 1127 per
795 1054 966 1136 particulam
986 1049 1038 1116 τοὶ
1058 1056 1256 1127 restringatur,
1279 1053 1320 1109 ite

284 1145 381 1195 tamen
400 1145 432 1193 ut
453 1157 514 1194 non
534 1145 695 1212 coerceatur
715 1137 806 1211 notio,
828 1136 879 1194 sed
899 1143 1011 1196 tantum
1031 1137 1184 1209 indicetur,
1202 1155 1267 1193 rem
1279 1135 1320 1191 ita

284 1239 356 1287 saue
386 1239 469 1293 esse,
500 1222 585 1278 etiem
611 1222 638 1279 ei
667 1218 704 1278 de
718 1220 793 1293 ipsa
819 1221 932 1278 ratione
954 1212 1069 1295 quasit
1090 1220 1210 1278 uuttiat
1237 1212 1320 1293 (τοί,

284 1303 342 1375 eof
363 1303 462 1378 irpeod
489 1307 548 1360 eine
581 1306 688 1372 Weise‚
726 1310 760 1359 ut
786 1307 908 1379 eet-qui,
944 1303 1010 1361 uher
1037 1300 1319 1379 peruissemnuosseo.)

284 1405 346 1444 non
367 1385 478 1443 constet
498 1421 535 1430 -
555 1385 625 1443 illae
645 1387 735 1460 igitur
749 1385 910 1468 particulae
932 1406 1022 1461 quom
1042 1406 1138 1460 perse
1152 1383 1227 1443 nihil
1241 1381 1320 1440 alind

186 1507 189 1513 ι
211 1490 214 1498 ’
286 1468 499 1546 significarent,
524 1469 584 1527 nisi
605 1475 636 1525 ot
654 1487 724 1526 sorte
742 1468 865 1544 quidem,
889 1489 960 1528 mox
981 1477 1075 1526 tamen
1098 1489 1184 1542 quom
1204 1467 1319 1539 conipo·

286 1553 358 1610 sitae
378 1553 456 1610 inter
477 1571 509 1609 se
530 1555 628 1609 essent
650 1559 737 1624 atque
757 1561 980 1627 coagmentatae,
1002 1551 1078 1610 nihil
1095 1555 1155 1611 nisi
1170 1552 1321 1610 fortiorem

287 1634 431 1710 quandem
455 1636 663 1708 oppositionem
684 1638 735 1706 (ut
753 1633 817 1691 lere
839 1638 945 1712 nostris
965 1635 1114 1709 particulis
1138 1635 1204 1693 aher
1222 1638 1253 1691 io
1272 1631 1321 1689 dee·

289 1719 365 1777 witot
387 1717 458 1776 doch
480 1715 707 1791 responderent)
730 1716 897 1775 indicabant
919 1727 947 1776 ct
966 1715 1075 1777 Latine
1100 1717 1218 1792 quidem
1237 1713 1321 1773 reddi

285 1807 418 1878 poterunt
445 1799 494 1858 sed
518 1800 644 1876 profecto
663 1808 774 1868 tumeo,
801 1809 1030 1870 concentonem,
1063 1811 1112 1858 aeut
1132 1819 1202 1860 voce
1223 1799 1322 1872 eliqua

184 1919 185 1922 =
285 1885 454 1958 interpositu
482 1883 531 1940 sed
560 1912 597 1928 -
626 1890 720 1939 tumeo
745 1881 871 1958 profem
896 1891 946 1940 cto.
989 1881 1041 1942 Sic
1063 1892 1158 1943 eutem
1178 1881 1234 1940 hae
1254 1901 1321 1955 par·

286 1968 390 2027 ticurlae
415 1971 571 2038 usurpatae
599 1971 685 2038 eunt,
713 1971 745 2021 ut
771 1973 820 2022 aut
849 1965 886 2023 ud
907 1967 1073 2025 universam
1096 1967 1322 2027 enuntiationem

286 2058 447 2126 spectarent
468 2056 517 2106 aut
538 2047 715 2122 singularem
736 2049 943 2106 enuntiationis
964 2051 1073 2123 pultem
1096 2049 1241 2109 efferrent.
1285 2043 1322 2106 Si

247 2179 254 2188 .
287 2133 361 2194 illud
383 2138 438 2207 est,
462 2131 629 2189 coniunctae
650 2130 789 2205 leguntur
806 2120 890 2192 ἀλλὰ
909 2128 969 2209 μέν
989 2153 1048 2202 τοι,
1070 2134 1096 2192 si
1118 2133 1154 2190 ud
1175 2130 1321 2208 singulare

287 2219 409 2279 uerbum
428 2215 520 2289 magis
537 2221 676 2288 spectant,
697 2211 754 2271 hoc
764 2214 1117 2290 verborumxoollocetione
1130 2218 1166 2274 eb
1180 2217 1241 2274 illis
1255 2233 1321 2289 par·

288 2300 384 2360 ticulis
413 2297 595 2356 circumcludi
626 2296 709 2355 solet.
763 2294 815 2356 Sic
840 2299 931 2373 igitur
957 2299 989 2358 in
1018 2295 1148 2364 Plutonis
1176 2299 1251 2357 libro
1277 2301 1322 2354 De

287 2382 318 2444 re
336 2383 449 2461 publico
467 2379 508 2438 ll.
528 2378 607 2439 Part.
628 2378 683 2439 lll.
704 2381 764 2439 vol.
785 2379 810 2440 l.
830 2402 860 2455 p.
881 2385 932 2440 90.
954 2380 1000 2440 ed.
1021 2379 1120 2440 Bekk.
1141 2391 1175 2456 Ρ.
1192 2381 1263 2439 375.
1286 2377 1320 2439 G.
1383 2391 1390 2412 ³

288 2467 334 2527 ed.
361 2463 403 2523 H.
428 2461 531 2537 Steph.
556 2471 632 2522 recte
658 2463 780 2525 diuture
816 2457 919 2525 Ἀλλὰ
949 2461 1083 2542 μέντοι
1104 2462 1213 2544 δεῖγε
1234 2457 1323 2544 πρὸς

286 2545 348 2631 μὲν
374 2542 452 2621 τοὺς
478 2539 622 2620 οἰκείους
648 2541 779 2633 πρᾴους
805 2539 923 2621 αὐτοὺς
949 2537 1051 2618 εἶναι,
1079 2542 1166 2631 πρὸς
1187 2543 1224 2609 δὲ
1244 2540 1322 2619 τοὺς

214 2673 215 2680 1
287 2625 470 2710 πολεμίους
509 2621 685 2706 χαλεπούς.
747 2629 794 2690 lbi
838 2635 915 2690 enim
956 2647 1090 2689 concesso
1133 2631 1224 2689 ultero
1260 2630 1323 2688 volt

287 2713 422 2775 Socrates
456 2711 629 2771 adfirmares
675 2717 778 2772 Verum
813 2721 908 2774 tunsae
941 2723 1048 2789 oportet
1064 2741 1067 2750 Δ
1083 2733 1152 2772 sune
1187 2713 1323 2772 demate

284 2807 398 2859 metros
417 2798 527 2876 quidem
548 2799 629 2854 mites
650 2815 703 2856 nos
727 2805 856 2856 esserto.
896 2791 1040 2855 Similiter
1058 2798 1092 2854 iu
1112 2795 1322 2871 Xenophontis

286 2881 447 2957 Disciplina
468 2882 534 2952 Opti
556 2880 607 2938 lib.
628 2877 653 2938 I.
676 2901 736 2954 oep.
756 2886 785 2940 6.
807 2884 836 2952 §.
858 2883 908 2937 24.
932 2879 1101 2939 adfirmatur
1122 2880 1235 2954 aliquid
1257 2899 1322 2938 cum

287 2966 470 3040 oppositione
490 2960 538 3022 his
558 2964 674 3022 verbis:
701 2955 804 3024 Ἀλλὰ
824 2959 884 3038 μέν
901 2980 955 3023 τοι
969 2957 1028 3025 ἐπί
1042 2985 1078 3042 pe
1091 2959 1129 3025 ed
1144 2961 1322 3045 φιλεῖσθαι

286 3040 354 3110 huo
386 3047 451 3108 τῶν
484 3036 669 3126 ἀρχομένων
701 3077 740 3088 -
773 3041 873 3125 δῆλον
904 3036 958 3103 ὅτι
986 3036 1007 3128 ἦ
1037 3037 1118 3130 αὐτὴ
1150 3038 1229 3119 ὁδὸς
1255 3037 1321 3107 mi.

287 3127 397 3205 Contra
423 3130 610 3202 interposite,
641 3147 716 3201 quae
741 3128 881 3201 premitur
901 3145 990 3200 sono,
1018 3146 1089 3185 voce
1110 3126 1213 3186 dicitur
1233 3147 1321 3201 seepe

285 3233 407 3271 numero
428 3203 513 3274 citt&
527 3246 565 3256 —
580 3205 704 3288 peieret,
721 3217 754 3268 ut
771 3210 804 3268 in
823 3205 977 3283 Sophoclis
991 3209 1147 3270 Philoctete
1161 3232 1189 3276 u.
1203 3213 1264 3272 524
1275 3231 1321 3286 sq.

284 3305 438 3374 postquem
458 3295 564 3354 chorus
584 3292 676 3351 dixit:
778 3328 782 3338 ι
1063 3329 1067 3344 .
1111 3329 1115 3333 -

448 3401 595 3478 ¹‘'Hecuuce.
625 3418 692 3476 τοῦτ’
714 3417 764 3475 οὐκ
782 3419 838 3475 ἔσθ’
859 3414 932 3482 ὅπως
948 3413 1007 3478 πότ’
1026 3424 1065 3485 sic
1081 3421 1131 3496 ἐμὲ

476 3487 615 3550 τοῦνειδος
631 3489 698 3550 ἕξεις
715 3489 829 3552 ἐνδίκως
846 3487 987 3571 ὀνειδίσαι,

287 3615 383 3678 reddit
400 3612 626 3688 Neoptolemus:

474 3741 540 3795 Ἀλλ’
561 3739 661 3814 αἰσχρὰ
677 3743 732 3816 μέν
749 3763 790 3799 τοι
807 3731 859 3799 oei
875 3743 911 3816 γέ
925 3744 953 3820 μ’
974 3733 1150 3819 ἔνδεέσιὲρον

477 3813 545 3880 ξένῳ
563 3815 685 3882 φανῆναι
701 3809 771 3886 πρὸς
787 3810 819 3869 τὸ
837 3820 945 3888 καίριον
962 3819 1079 3882 neusin,
1134 3886 1141 3895 t

288 3957 348 4012 qua
375 3935 504 3994 oratione
525 3937 647 3994 verbum
667 3926 788 4022 αἰσχρὰ
809 3956 1015 4011 maxumopere
1036 3933 1166 3995 effertur.
1208 3933 1324 3994 Eodem

229 4027 230 4032 ’
287 4020 373 4081 modo
392 4017 449 4078 hue
469 4019 628 4094 particulae
648 4040 736 4095 saepe
757 4021 905 4096 leguntur,
926 4018 979 4078 sed
1002 4019 1079 4096 apud
1093 4017 1323 4094 Xenophontem

288 4106 321 4164 iu
353 4103 536 4182 Expeditioee
564 4105 630 4176 cpe
657 4103 708 4165 lib.
735 4101 809 4164 Vll.
842 4122 903 4179 cep.
933 4107 962 4171 6.
994 4105 1022 4175 h.
1055 4107 1126 4179 393
1153 4103 1206 4166 uhi
1235 4102 1324 4178 volgo
