<?xml version="1.0" encoding="UTF-8"?>
<!DOCTYPE html PUBLIC "-//W3C//DTD XHTML 1.0 Transitional//EN"
    "http://www.w3.org/TR/xhtml1/DTD/xhtml1-transitional.dtd">
<html xmlns="http://www.w3.org/1999/xhtml" xml:lang="en" lang="en">
 <head>
  <title>
</title>
<meta http-equiv="Content-Type" content="text/html;charset=utf-8" />
  <meta name='ocr-system' content='tesseract 3.04.00' />
  <meta name='ocr-capabilities' content='ocr_page ocr_carea ocr_par ocr_line ocrx_word'/>
</head>
<body>
  <div class='ocr_page' id='page_1' title='image "./matthaeidevarii01klotgoog/matthaeidevarii01klotgoog_0612.png"; bbox 0 0 2844 4596; ppageno 0'>
   <div class='ocr_carea' id='block_1_1' title="bbox 599 209 1182 311">
    <p class='ocr_par' dir='ltr' id='par_1_1' title="bbox 412 209 1295 334">
     <span class='ocr_line' id='line_1_1' title="bbox 599 209 1182 311; baseline -0.002 -21.424"><span class='ocrx_word' id='word_1_1' title='bbox 599 213 692 311; x_wconf 64' lang='grc' dir='ltr'><strong>ἤὸηε</strong></span> <span class='ocrx_word' id='word_1_2' title='bbox 820 279 822 288; x_wconf 20' lang='grc' dir='ltr'><em>ι</em></span> <span class='ocrx_word' id='word_1_3' title='bbox 902 227 906 234; x_wconf 75' lang='grc'><em>“</em></span> <span class='ocrx_word' id='word_1_4' title='bbox 1099 209 1182 296; x_wconf 30' lang='grc'><strong>5991</strong></span> 
     </span>
    </p>
   </div>
   <div class='ocr_carea' id='block_1_2' title="bbox 133 365 1164 474">
    <p class='ocr_par' dir='ltr' id='par_1_2' title="bbox 133 365 1164 474">
     <span class='ocr_line' id='line_1_2' title="bbox 133 365 1164 474; baseline 0.004 -22"><span class='ocrx_word' id='word_1_5' title='bbox 133 392 167 452; x_wconf 84' lang='lat' dir='ltr'><strong>le</strong></span> <span class='ocrx_word' id='word_1_6' title='bbox 187 392 342 468; x_wconf 84' lang='lat' dir='ltr'><strong>praeterito</strong></span> <span class='ocrx_word' id='word_1_7' title='bbox 363 371 489 468; x_wconf 78' lang='lat' dir='ltr'><strong>(licetur,</strong></span> <span class='ocrx_word' id='word_1_8' title='bbox 509 391 546 452; x_wconf 82' lang='lat' dir='ltr'><strong>al</strong></span> <span class='ocrx_word' id='word_1_9' title='bbox 569 365 708 468; x_wconf 81' lang='lat' dir='ltr'><strong>praesens</strong></span> <span class='ocrx_word' id='word_1_10' title='bbox 730 400 844 472; x_wconf 80' lang='lat' dir='ltr'><strong>tempus</strong></span> <span class='ocrx_word' id='word_1_11' title='bbox 864 398 996 474; x_wconf 85' lang='lat' dir='ltr'><strong>pertinet.</strong></span> <span class='ocrx_word' id='word_1_12' title='bbox 1037 393 1164 458; x_wconf 83' lang='lat' dir='ltr'><strong>Nomai</strong></span> 
     </span>
    </p>
   </div>
   <div class='ocr_carea' id='block_1_3' title="bbox 133 477 1274 556">
    <p class='ocr_par' dir='ltr' id='par_1_3' title="bbox 133 477 1274 556">
     <span class='ocr_line' id='line_1_3' title="bbox 133 477 1274 556; baseline 0.001 -18"><span class='ocrx_word' id='word_1_13' title='bbox 133 480 176 552; x_wconf 85' lang='lat' dir='ltr'><strong>is,</strong></span> <span class='ocrx_word' id='word_1_14' title='bbox 198 479 249 552; x_wconf 83' lang='lat' dir='ltr'><strong>qui</strong></span> <span class='ocrx_word' id='word_1_15' title='bbox 269 477 415 553; x_wconf 79' lang='lat' dir='ltr'><strong>loquitur,</strong></span> <span class='ocrx_word' id='word_1_16' title='bbox 440 498 492 552; x_wconf 84' lang='lat' dir='ltr'><strong>per</strong></span> <span class='ocrx_word' id='word_1_17' title='bbox 513 498 575 542; x_wconf 79' lang='lat' dir='ltr'><strong>eam</strong></span> <span class='ocrx_word' id='word_1_18' title='bbox 596 499 697 537; x_wconf 85' lang='lat' dir='ltr'><strong>vocem</strong></span> <span class='ocrx_word' id='word_1_19' title='bbox 717 478 758 554; x_wconf 83' lang='lat' dir='ltr'><strong>id,</strong></span> <span class='ocrx_word' id='word_1_20' title='bbox 778 481 814 540; x_wconf 84' lang='lat' dir='ltr'><strong>de</strong></span> <span class='ocrx_word' id='word_1_21' title='bbox 837 503 894 556; x_wconf 91' lang='lat' dir='ltr'><strong>quo</strong></span> <span class='ocrx_word' id='word_1_22' title='bbox 915 484 972 542; x_wconf 84' lang='lat' dir='ltr'><strong>sibi</strong></span> <span class='ocrx_word' id='word_1_23' title='bbox 994 501 1188 556; x_wconf 60' lang='lat' dir='ltr'><strong>persuasum⁸</strong></span> <span class='ocrx_word' id='word_1_24' title='bbox 1272 505 1274 512; x_wconf 65' lang='grc'>’</span> 
     </span>
    </p>
   </div>
   <div class='ocr_carea' id='block_1_4' title="bbox 66 559 1170 808">
    <p class='ocr_par' dir='ltr' id='par_1_4' title="bbox 66 559 1170 808">
     <span class='ocr_line' id='line_1_4' title="bbox 93 559 1170 642; baseline 0.002 -22"><span class='ocrx_word' id='word_1_25' title='bbox 93 560 109 604; x_wconf 80' lang='lat'><strong>·‘</strong></span> <span class='ocrx_word' id='word_1_26' title='bbox 135 571 194 635; x_wconf 83' lang='lat' dir='ltr'><strong>est,</strong></span> <span class='ocrx_word' id='word_1_27' title='bbox 222 559 346 635; x_wconf 82' lang='lat' dir='ltr'><strong>iudicat,</strong></span> <span class='ocrx_word' id='word_1_28' title='bbox 371 563 533 622; x_wconf 83' lang='lat' dir='ltr'><strong>necessario</strong></span> <span class='ocrx_word' id='word_1_29' title='bbox 555 581 640 620; x_wconf 87' lang='lat' dir='ltr'><strong>omne</strong></span> <span class='ocrx_word' id='word_1_30' title='bbox 662 562 737 620; x_wconf 88' lang='lat' dir='ltr'><strong>illud</strong></span> <span class='ocrx_word' id='word_1_31' title='bbox 755 567 873 639; x_wconf 79' lang='lat' dir='ltr'><strong>proprie</strong></span> <span class='ocrx_word' id='word_1_32' title='bbox 893 565 929 623; x_wconf 82' lang='lat' dir='ltr'><strong>ad</strong></span> <span class='ocrx_word' id='word_1_33' title='bbox 953 578 1080 638; x_wconf 88' lang='lat' dir='ltr'><strong>tempus,</strong></span> <span class='ocrx_word' id='word_1_34' title='bbox 1097 584 1170 642; x_wconf 41' lang='lat' dir='ltr'><strong>sque,</strong></span> 
     </span>
     <span class='ocr_line' id='line_1_5' title="bbox 66 635 1162 727; baseline 0.001 -25"><span class='ocrx_word' id='word_1_35' title='bbox 66 639 72 666; x_wconf 70' lang='lat' dir='ltr'><strong>r</strong></span> <span class='ocrx_word' id='word_1_36' title='bbox 134 647 198 720; x_wconf 82' lang='lat' dir='ltr'><strong>quis</strong></span> <span class='ocrx_word' id='word_1_37' title='bbox 218 645 363 720; x_wconf 88' lang='lat' dir='ltr'><strong>loquitur,</strong></span> <span class='ocrx_word' id='word_1_38' title='bbox 390 645 498 719; x_wconf 87' lang='lat' dir='ltr'><strong>idest,</strong></span> <span class='ocrx_word' id='word_1_39' title='bbox 520 635 556 702; x_wconf 66' lang='lat' dir='ltr'><strong>ai</strong></span> <span class='ocrx_word' id='word_1_40' title='bbox 578 665 716 717; x_wconf 87' lang='lat' dir='ltr'><strong>praeseus</strong></span> <span class='ocrx_word' id='word_1_41' title='bbox 738 655 850 727; x_wconf 77' lang='lat' dir='ltr'><strong>tempps</strong></span> <span class='ocrx_word' id='word_1_42' title='bbox 876 645 1017 723; x_wconf 81' lang='lat' dir='ltr'><strong>pertine&#39;t,</strong></span> <span class='ocrx_word' id='word_1_43' title='bbox 1041 657 1071 705; x_wconf 90' lang='lat' dir='ltr'><strong>nt</strong></span> <span class='ocrx_word' id='word_1_44' title='bbox 1092 645 1162 706; x_wconf 84' lang='lat' dir='ltr'><strong>irinc</strong></span> 
     </span>
     <span class='ocr_line' id='line_1_6' title="bbox 133 727 1162 808; baseline 0 -20"><span class='ocrx_word' id='word_1_45' title='bbox 133 737 180 788; x_wconf 90' lang='lat' dir='ltr'><strong>aut</strong></span> <span class='ocrx_word' id='word_1_46' title='bbox 206 727 243 786; x_wconf 85' lang='lat' dir='ltr'><strong>ad</strong></span> <span class='ocrx_word' id='word_1_47' title='bbox 269 731 459 802; x_wconf 82' lang='lat' dir='ltr'><strong>praeteritum</strong></span> <span class='ocrx_word' id='word_1_48' title='bbox 487 737 600 802; x_wconf 85' lang='lat' dir='ltr'><strong>tempus</strong></span> <span class='ocrx_word' id='word_1_49' title='bbox 629 737 808 790; x_wconf 85' lang='lat' dir='ltr'><strong>revertamur</strong></span> <span class='ocrx_word' id='word_1_50' title='bbox 835 734 870 808; x_wconf 66' lang='lat' dir='ltr'><strong>in¹</strong></span> <span class='ocrx_word' id='word_1_51' title='bbox 893 751 928 790; x_wconf 89' lang='lat' dir='ltr'><strong>ea</strong></span> <span class='ocrx_word' id='word_1_52' title='bbox 953 731 1092 806; x_wconf 85' lang='lat' dir='ltr'><strong>particula</strong></span> <span class='ocrx_word' id='word_1_53' title='bbox 1112 737 1162 788; x_wconf 88' lang='lat' dir='ltr'><strong>ant</strong></span> 
     </span>
    </p>
   </div>
   <div class='ocr_carea' id='block_1_5' title="bbox 132 809 1279 890">
    <p class='ocr_par' dir='ltr' id='par_1_5' title="bbox 132 809 1279 890">
     <span class='ocr_line' id='line_1_7' title="bbox 132 809 1279 890; baseline -0.003 -20"><span class='ocrx_word' id='word_1_54' title='bbox 132 813 216 870; x_wconf 91' lang='lat' dir='ltr'><strong>etiam</strong></span> <span class='ocrx_word' id='word_1_55' title='bbox 237 811 365 870; x_wconf 79' lang='lat' dir='ltr'><strong>futurum</strong></span> <span class='ocrx_word' id='word_1_56' title='bbox 387 819 558 886; x_wconf 80' lang='lat' dir='ltr'><strong>spectemus.</strong></span> <span class='ocrx_word' id='word_1_57' title='bbox 589 809 673 888; x_wconf 29' lang='lat' dir='ltr'><strong>&#39;Inde</strong></span> <span class='ocrx_word' id='word_1_58' title='bbox 693 815 748 884; x_wconf 79' lang='lat' dir='ltr'><strong>iste</strong></span> <span class='ocrx_word' id='word_1_59' title='bbox 769 835 851 874; x_wconf 87' lang='lat' dir='ltr'><strong>error</strong></span> <span class='ocrx_word' id='word_1_60' title='bbox 868 813 1048 890; x_wconf 86' lang='lat' dir='ltr'><strong>qn&#39;orundam</strong></span> <span class='ocrx_word' id='word_1_61' title='bbox 1066 833 1162 888; x_wconf 75' lang='lat' dir='ltr'><strong>gram·</strong></span> <span class='ocrx_word' id='word_1_62' title='bbox 1275 859 1279 866; x_wconf 85' lang='lat'><strong>.</strong></span> 
     </span>
    </p>
   </div>
   <div class='ocr_carea' id='block_1_6' title="bbox 130 891 1163 1055">
    <p class='ocr_par' dir='ltr' id='par_1_6' title="bbox 130 891 1163 1055">
     <span class='ocr_line' id='line_1_8' title="bbox 130 891 1163 980; baseline 0.001 -28"><span class='ocrx_word' id='word_1_63' title='bbox 130 895 297 966; x_wconf 69' lang='lat' dir='ltr'><strong>praticorum</strong></span> <span class='ocrx_word' id='word_1_64' title='bbox 319 907 404 955; x_wconf 79' lang='lat' dir='ltr'><strong>natus</strong></span> <span class='ocrx_word' id='word_1_65' title='bbox 421 914 486 954; x_wconf 82' lang='lat' dir='ltr'><strong>esse</strong></span> <span class='ocrx_word' id='word_1_66' title='bbox 503 894 635 970; x_wconf 87' lang='lat' dir='ltr'><strong>videtur,</strong></span> <span class='ocrx_word' id='word_1_67' title='bbox 659 898 710 970; x_wconf 85' lang='lat' dir='ltr'><strong>qui</strong></span> <span class='ocrx_word' id='word_1_68' title='bbox 727 906 900 970; x_wconf 80' lang='lat' dir='ltr'><strong>putaverunt</strong></span> <span class='ocrx_word' id='word_1_69' title='bbox 920 891 984 980; x_wconf 77' lang='grc' dir='ltr'><strong>ἤδη</strong></span> <span class='ocrx_word' id='word_1_70' title='bbox 1003 895 1066 956; x_wconf 77' lang='lat' dir='ltr'><strong>iere</strong></span> <span class='ocrx_word' id='word_1_71' title='bbox 1084 895 1163 954; x_wconf 83' lang='lat' dir='ltr'><strong>idem</strong></span> 
     </span>
     <span class='ocr_line' id='line_1_9' title="bbox 130 976 1162 1055; baseline 0.004 -21"><span class='ocrx_word' id='word_1_72' title='bbox 130 997 194 1036; x_wconf 85' lang='lat' dir='ltr'><strong>esse</strong></span> <span class='ocrx_word' id='word_1_73' title='bbox 222 976 392 1050; x_wconf 60' lang='lat' dir='ltr'><strong>quodam.</strong></span> <span class='ocrx_word' id='word_1_74' title='bbox 436 977 522 1055; x_wconf 82' lang='lat' dir='ltr'><strong>Quod</strong></span> <span class='ocrx_word' id='word_1_75' title='bbox 550 979 746 1038; x_wconf 83' lang='lat' dir='ltr'><strong>falsissnmum</strong></span> <span class='ocrx_word' id='word_1_76' title='bbox 774 991 827 1040; x_wconf 87' lang='lat' dir='ltr'><strong>eat.</strong></span> <span class='ocrx_word' id='word_1_77' title='bbox 868 980 940 1044; x_wconf 78' lang='grc' dir='ltr'><strong>Νῦν</strong></span> <span class='ocrx_word' id='word_1_78' title='bbox 962 981 1043 1050; x_wconf 78' lang='lat' dir='ltr'><strong>enim</strong></span> <span class='ocrx_word' id='word_1_79' title='bbox 1070 987 1162 1052; x_wconf 87' lang='lat' dir='ltr'><strong>mate·</strong></span> 
     </span>
    </p>
   </div>
   <div class='ocr_carea' id='block_1_7' title="bbox 129 1060 1259 1140">
    <p class='ocr_par' dir='ltr' id='par_1_7' title="bbox 129 1060 1259 1140">
     <span class='ocr_line' id='line_1_10' title="bbox 129 1060 1259 1140; baseline 0 -22"><span class='ocrx_word' id='word_1_80' title='bbox 129 1060 229 1119; x_wconf 88' lang='lat' dir='ltr'><strong>rialem</strong></span> <span class='ocrx_word' id='word_1_81' title='bbox 250 1061 410 1136; x_wconf 84' lang='lat' dir='ltr'><strong>quandam,</strong></span> <span class='ocrx_word' id='word_1_82' title='bbox 439 1069 472 1118; x_wconf 88' lang='lat' dir='ltr'><strong>ut</strong></span> <span class='ocrx_word' id='word_1_83' title='bbox 492 1063 534 1120; x_wconf 86' lang='lat' dir='ltr'><strong>ita</strong></span> <span class='ocrx_word' id='word_1_84' title='bbox 556 1062 664 1135; x_wconf 85' lang='lat' dir='ltr'><strong>dicam,</strong></span> <span class='ocrx_word' id='word_1_85' title='bbox 692 1066 830 1138; x_wconf 86' lang='lat' dir='ltr'><strong>temporis</strong></span> <span class='ocrx_word' id='word_1_86' title='bbox 851 1062 1091 1140; x_wconf 78' lang='lat' dir='ltr'><strong>significationem</strong></span> <span class='ocrx_word' id='word_1_87' title='bbox 1110 1060 1174 1119; x_wconf 75' lang='lat' dir='ltr'><strong>lta-¹</strong></span> <span class='ocrx_word' id='word_1_88' title='bbox 1256 1069 1259 1075; x_wconf 79' lang='grc'><strong><em>’</em></strong></span> 
     </span>
    </p>
   </div>
   <div class='ocr_carea' id='block_1_8' title="bbox 95 1135 1162 1305">
    <p class='ocr_par' dir='ltr' id='par_1_8' title="bbox 95 1135 1162 1305">
     <span class='ocr_line' id='line_1_11' title="bbox 130 1135 1162 1225; baseline -0.001 -23"><span class='ocrx_word' id='word_1_89' title='bbox 130 1145 195 1218; x_wconf 83' lang='lat' dir='ltr'><strong>bet,</strong></span> <span class='ocrx_word' id='word_1_90' title='bbox 219 1135 281 1225; x_wconf 65' lang='grc' dir='ltr'><strong>ἤδη</strong></span> <span class='ocrx_word' id='word_1_91' title='bbox 303 1154 397 1202; x_wconf 89' lang='lat' dir='ltr'><strong>autem</strong></span> <span class='ocrx_word' id='word_1_92' title='bbox 418 1144 544 1218; x_wconf 84' lang='lat' dir='ltr'><strong>nullam,</strong></span> <span class='ocrx_word' id='word_1_93' title='bbox 564 1145 613 1204; x_wconf 84' lang='lat' dir='ltr'><strong>sed</strong></span> <span class='ocrx_word' id='word_1_94' title='bbox 636 1155 746 1203; x_wconf 91' lang='lat' dir='ltr'><strong>tantum</strong></span> <span class='ocrx_word' id='word_1_95' title='bbox 767 1146 851 1205; x_wconf 85' lang='lat' dir='ltr'><strong>modo</strong></span> <span class='ocrx_word' id='word_1_96' title='bbox 869 1148 996 1220; x_wconf 78' lang='lat' dir='ltr'><strong>pertinet</strong></span> <span class='ocrx_word' id='word_1_97' title='bbox 1016 1145 1051 1203; x_wconf 80' lang='lat' dir='ltr'><strong>ad</strong></span> <span class='ocrx_word' id='word_1_98' title='bbox 1074 1164 1162 1202; x_wconf 86' lang='lat' dir='ltr'><strong>naam</strong></span> 
     </span>
     <span class='ocr_line' id='line_1_12' title="bbox 95 1225 1161 1305; baseline 0 -21"><span class='ocrx_word' id='word_1_99' title='bbox 95 1256 97 1258; x_wconf 24' lang='lat' dir='ltr'>v</span> <span class='ocrx_word' id='word_1_100' title='bbox 129 1225 274 1300; x_wconf 83' lang='lat' dir='ltr'><strong>loquentis</strong></span> <span class='ocrx_word' id='word_1_101' title='bbox 303 1237 464 1288; x_wconf 83' lang='lat' dir='ltr'><strong>accuratam</strong></span> <span class='ocrx_word' id='word_1_102' title='bbox 495 1231 538 1286; x_wconf 90' lang='lat' dir='ltr'><strong>rei</strong></span> <span class='ocrx_word' id='word_1_103' title='bbox 564 1231 779 1305; x_wconf 66' lang='lat' dir='ltr'><strong>cognitionem,</strong></span> <span class='ocrx_word' id='word_1_104' title='bbox 813 1238 845 1288; x_wconf 92' lang='lat' dir='ltr'><strong>ut</strong></span> <span class='ocrx_word' id='word_1_105' title='bbox 871 1239 1001 1290; x_wconf 87' lang='lat' dir='ltr'><strong>nostrum</strong></span> <span class='ocrx_word' id='word_1_106' title='bbox 1024 1229 1111 1286; x_wconf 63' lang='lat' dir='ltr'><strong>solinu</strong></span> <span class='ocrx_word' id='word_1_107' title='bbox 1130 1235 1161 1285; x_wconf 82' lang='lat' dir='ltr'><strong>et</strong></span> 
     </span>
    </p>
   </div>
   <div class='ocr_carea' id='block_1_9' title="bbox 59 1309 1268 1384">
    <p class='ocr_par' dir='ltr' id='par_1_9' title="bbox 59 1309 1268 1384">
     <span class='ocr_line' id='line_1_13' title="bbox 59 1309 1268 1384; baseline 0.002 -16"><span class='ocrx_word' id='word_1_108' title='bbox 59 1331 63 1341; x_wconf 63' lang='grc'><em>“</em></span> <span class='ocrx_word' id='word_1_109' title='bbox 129 1331 181 1368; x_wconf 89' lang='lat' dir='ltr'><strong>uso</strong></span> <span class='ocrx_word' id='word_1_110' title='bbox 211 1310 327 1384; x_wconf 86' lang='lat' dir='ltr'><strong>quidem</strong></span> <span class='ocrx_word' id='word_1_111' title='bbox 356 1313 441 1370; x_wconf 80' lang='lat' dir='ltr'><strong>etiarn</strong></span> <span class='ocrx_word' id='word_1_112' title='bbox 467 1309 642 1370; x_wconf 84' lang='lat' dir='ltr'><strong>Latinorum</strong></span> <span class='ocrx_word' id='word_1_113' title='bbox 670 1318 738 1372; x_wconf 79' lang='lat' dir='ltr'><strong>icor.</strong></span> <span class='ocrx_word' id='word_1_114' title='bbox 787 1311 848 1373; x_wconf 83' lang='lat' dir='ltr'><strong>Sed</strong></span> <span class='ocrx_word' id='word_1_115' title='bbox 874 1311 946 1372; x_wconf 83' lang='lat' dir='ltr'><strong>haec</strong></span> <span class='ocrx_word' id='word_1_116' title='bbox 965 1311 1102 1370; x_wconf 80' lang='lat' dir='ltr'><strong>hactenns</strong></span> <span class='ocrx_word' id='word_1_117' title='bbox 1125 1310 1161 1370; x_wconf 84' lang='lat' dir='ltr'><strong>da</strong></span> <span class='ocrx_word' id='word_1_118' title='bbox 1264 1367 1268 1376; x_wconf 76' lang='grc'><strong>,</strong></span> 
     </span>
    </p>
   </div>
   <div class='ocr_carea' id='block_1_10' title="bbox 50 1393 1161 1472">
    <p class='ocr_par' dir='ltr' id='par_1_10' title="bbox 50 1393 1161 1472">
     <span class='ocr_line' id='line_1_14' title="bbox 50 1393 1161 1472; baseline 0.002 -22"><span class='ocrx_word' id='word_1_119' title='bbox 50 1407 52 1416; x_wconf 89' lang='grc'><strong><em>·</em></strong></span> <span class='ocrx_word' id='word_1_120' title='bbox 129 1394 380 1467; x_wconf 78' lang='lat' dir='ltr'><strong>prima-vocabuli</strong></span> <span class='ocrx_word' id='word_1_121' title='bbox 407 1395 639 1470; x_wconf 79' lang='lat' dir='ltr'><strong>significatione,</strong></span> <span class='ocrx_word' id='word_1_122' title='bbox 668 1415 684 1454; x_wconf 86' lang='lat' dir='ltr'><strong>a</strong></span> <span class='ocrx_word' id='word_1_123' title='bbox 707 1415 764 1468; x_wconf 85' lang='lat' dir='ltr'><strong>qua</strong></span> <span class='ocrx_word' id='word_1_124' title='bbox 781 1398 846 1472; x_wconf 86' lang='lat' dir='ltr'><strong>ipsa</strong></span> <span class='ocrx_word' id='word_1_125' title='bbox 867 1397 971 1454; x_wconf 88' lang='lat' dir='ltr'><strong>multos</strong></span> <span class='ocrx_word' id='word_1_126' title='bbox 993 1394 1077 1452; x_wconf 84' lang='lat' dir='ltr'><strong>video</strong></span> <span class='ocrx_word' id='word_1_127' title='bbox 1102 1393 1161 1454; x_wconf 86' lang='lat' dir='ltr'><strong>dis·</strong></span> 
     </span>
    </p>
   </div>
   <div class='ocr_carea' id='block_1_11' title="bbox 130 1477 1257 1556">
    <p class='ocr_par' dir='ltr' id='par_1_11' title="bbox 130 1477 1257 1556">
     <span class='ocr_line' id='line_1_15' title="bbox 130 1477 1257 1556; baseline 0.004 -22"><span class='ocrx_word' id='word_1_128' title='bbox 130 1496 265 1538; x_wconf 85' lang='lat' dir='ltr'><strong>sensuros</strong></span> <span class='ocrx_word' id='word_1_129' title='bbox 287 1498 369 1552; x_wconf 86' lang='lat' dir='ltr'><strong>esse,</strong></span> <span class='ocrx_word' id='word_1_130' title='bbox 390 1481 493 1552; x_wconf 82' lang='lat' dir='ltr'><strong>quibus</strong></span> <span class='ocrx_word' id='word_1_131' title='bbox 512 1489 573 1537; x_wconf 88' lang='lat' dir='ltr'><strong>tum</strong></span> <span class='ocrx_word' id='word_1_132' title='bbox 594 1481 752 1556; x_wconf 82' lang='lat' dir='ltr'><strong>obsequar,</strong></span> <span class='ocrx_word' id='word_1_133' title='bbox 775 1500 839 1538; x_wconf 89' lang='lat' dir='ltr'><strong>cnm</strong></span> <span class='ocrx_word' id='word_1_134' title='bbox 855 1479 985 1555; x_wconf 88' lang='lat' dir='ltr'><strong>aliquid,</strong></span> <span class='ocrx_word' id='word_1_135' title='bbox 1005 1477 1083 1552; x_wconf 86' lang='lat' dir='ltr'><strong>qood</strong></span> <span class='ocrx_word' id='word_1_136' title='bbox 1099 1496 1160 1536; x_wconf 90' lang='lat' dir='ltr'><strong>me·</strong></span> <span class='ocrx_word' id='word_1_137' title='bbox 1232 1493 1257 1548; x_wconf 50' lang='grc' dir='ltr'><strong><em>α</em></strong></span> 
     </span>
    </p>
   </div>
   <div class='ocr_carea' id='block_1_12' title="bbox 60 1559 1220 2052">
    <p class='ocr_par' dir='ltr' id='par_1_12' title="bbox 129 1559 494 1635">
     <span class='ocr_line' id='line_1_16' title="bbox 129 1559 494 1635; baseline 0.005 -19"><span class='ocrx_word' id='word_1_138' title='bbox 129 1559 186 1618; x_wconf 86' lang='lat' dir='ltr'><strong>lius</strong></span> <span class='ocrx_word' id='word_1_139' title='bbox 207 1561 258 1633; x_wconf 85' lang='lat' dir='ltr'><strong>sit,</strong></span> <span class='ocrx_word' id='word_1_140' title='bbox 280 1563 494 1635; x_wconf 79' lang='lat' dir='ltr'><strong>proposuerint.</strong></span> 
     </span>
    </p>

    <p class='ocr_par' dir='ltr' id='par_1_13' title="bbox 60 1640 1220 2052">
     <span class='ocr_line' id='line_1_17' title="bbox 136 1640 1160 1720; baseline -0.001 -21"><span class='ocrx_word' id='word_1_141' title='bbox 136 1667 140 1672; x_wconf 94' lang='lat'>·</span> <span class='ocrx_word' id='word_1_142' title='bbox 212 1640 277 1700; x_wconf 88' lang='lat' dir='ltr'><strong>Hac</strong></span> <span class='ocrx_word' id='word_1_143' title='bbox 303 1643 448 1716; x_wconf 80' lang='lat' dir='ltr'><strong>explicata</strong></span> <span class='ocrx_word' id='word_1_144' title='bbox 472 1646 564 1718; x_wconf 85' lang='lat' dir='ltr'><strong>prima</strong></span> <span class='ocrx_word' id='word_1_145' title='bbox 584 1644 741 1718; x_wconf 76' lang='lat' dir='ltr'><strong>particulae</strong></span> <span class='ocrx_word' id='word_1_146' title='bbox 761 1643 974 1720; x_wconf 82' lang='lat' dir='ltr'><strong>significatione</strong></span> <span class='ocrx_word' id='word_1_147' title='bbox 994 1651 1022 1702; x_wconf 86' lang='lat' dir='ltr'><strong>et</strong></span> <span class='ocrx_word' id='word_1_148' title='bbox 1043 1662 1160 1716; x_wconf 89' lang='lat' dir='ltr'><strong>compa·</strong></span> 
     </span>
     <span class='ocr_line' id='line_1_18' title="bbox 128 1723 1166 1811; baseline 0.002 -27"><span class='ocrx_word' id='word_1_149' title='bbox 128 1726 199 1784; x_wconf 88' lang='lat' dir='ltr'><strong>ratis</strong></span> <span class='ocrx_word' id='word_1_150' title='bbox 225 1728 280 1800; x_wconf 81' lang='lat' dir='ltr'><strong>iia,</strong></span> <span class='ocrx_word' id='word_1_151' title='bbox 306 1747 382 1799; x_wconf 83' lang='lat' dir='ltr'><strong>quae</strong></span> <span class='ocrx_word' id='word_1_152' title='bbox 410 1723 498 1801; x_wconf 83' lang='lat' dir='ltr'><strong>supra</strong></span> <span class='ocrx_word' id='word_1_153' title='bbox 518 1730 551 1786; x_wconf 90' lang='lat' dir='ltr'><strong>in</strong></span> <span class='ocrx_word' id='word_1_154' title='bbox 575 1725 614 1811; x_wconf 76' lang='grc' dir='ltr'><strong>δὴ</strong></span> <span class='ocrx_word' id='word_1_155' title='bbox 638 1729 778 1800; x_wconf 83' lang='lat' dir='ltr'><strong>particula</strong></span> <span class='ocrx_word' id='word_1_156' title='bbox 801 1749 831 1801; x_wconf 91' lang='lat' dir='ltr'><strong>p.</strong></span> <span class='ocrx_word' id='word_1_157' title='bbox 854 1730 1042 1784; x_wconf 73' lang='lat' dir='ltr'><strong>aua-433.</strong></span> <span class='ocrx_word' id='word_1_158' title='bbox 1066 1745 1166 1798; x_wconf 80' lang='lat' dir='ltr'><strong>expo·.</strong></span> 
     </span>
     <span class='ocr_line' id='line_1_19' title="bbox 128 1801 1160 1893; baseline -0.002 -25"><span class='ocrx_word' id='word_1_159' title='bbox 128 1812 258 1880; x_wconf 83' lang='lat' dir='ltr'><strong>suimus,</strong></span> <span class='ocrx_word' id='word_1_160' title='bbox 286 1809 404 1870; x_wconf 81' lang='lat' dir='ltr'><strong>difficile</strong></span> <span class='ocrx_word' id='word_1_161' title='bbox 433 1812 490 1868; x_wconf 89' lang='lat' dir='ltr'><strong>inm</strong></span> <span class='ocrx_word' id='word_1_162' title='bbox 516 1831 574 1870; x_wconf 88' lang='lat' dir='ltr'><strong>non</strong></span> <span class='ocrx_word' id='word_1_163' title='bbox 605 1813 663 1868; x_wconf 85' lang='lat' dir='ltr'><strong>crit</strong></span> <span class='ocrx_word' id='word_1_164' title='bbox 686 1811 779 1883; x_wconf 87' lang='lat' dir='ltr'><strong>ipsum</strong></span> <span class='ocrx_word' id='word_1_165' title='bbox 807 1830 889 1868; x_wconf 87' lang='lat' dir='ltr'><strong>nsum</strong></span> <span class='ocrx_word' id='word_1_166' title='bbox 915 1801 978 1893; x_wconf 77' lang='grc' dir='ltr'><strong>ἤδη</strong></span> <span class='ocrx_word' id='word_1_167' title='bbox 1002 1809 1160 1886; x_wconf 80' lang='lat' dir='ltr'><strong>particulae</strong></span> 
     </span>
     <span class='ocr_line' id='line_1_20' title="bbox 128 1889 1220 1974; baseline -0.006 -22"><span class='ocrx_word' id='word_1_168' title='bbox 128 1913 312 1968; x_wconf 78' lang='lat' dir='ltr'><strong>cognoscere.</strong></span> <span class='ocrx_word' id='word_1_169' title='bbox 353 1890 429 1952; x_wconf 89' lang='lat' dir='ltr'><strong>Nam</strong></span> <span class='ocrx_word' id='word_1_170' title='bbox 454 1914 539 1968; x_wconf 84' lang='lat' dir='ltr'><strong>quern</strong></span> <span class='ocrx_word' id='word_1_171' title='bbox 560 1891 760 1968; x_wconf 78' lang='lat' dir='ltr'><strong>Hartuugius,</strong></span> <span class='ocrx_word' id='word_1_172' title='bbox 789 1894 839 1966; x_wconf 89' lang='lat' dir='ltr'><strong>qui</strong></span> <span class='ocrx_word' id='word_1_173' title='bbox 867 1891 927 1950; x_wconf 86' lang='lat' dir='ltr'><strong>vol.</strong></span> <span class='ocrx_word' id='word_1_174' title='bbox 950 1889 1026 1974; x_wconf 46' lang='lat'><strong>¹21³·</strong></span> <span class='ocrx_word' id='word_1_175' title='bbox 1049 1894 1160 1949; x_wconf 82' lang='lat'><strong>235-</strong></span> <span class='ocrx_word' id='word_1_176' title='bbox 1215 1939 1220 1945; x_wconf 91' lang='lat'><strong>.</strong></span> 
     </span>
     <span class='ocr_line' id='line_1_21' title="bbox 60 1973 1165 2052; baseline -0.005 -16"><span class='ocrx_word' id='word_1_177' title='bbox 60 2011 66 2018; x_wconf 95' lang='lat'>·</span> <span class='ocrx_word' id='word_1_178' title='bbox 130 1981 222 2052; x_wconf 64' lang='lat'><strong>244„</strong></span> <span class='ocrx_word' id='word_1_179' title='bbox 248 1977 275 2035; x_wconf 90' lang='lat' dir='ltr'><strong>si</strong></span> <span class='ocrx_word' id='word_1_180' title='bbox 303 1976 434 2052; x_wconf 79' lang='lat' dir='ltr'><strong>singulos</strong></span> <span class='ocrx_word' id='word_1_181' title='bbox 454 1988 611 2050; x_wconf 81' lang='lat' dir='ltr'><strong>spectamus</strong></span> <span class='ocrx_word' id='word_1_182' title='bbox 638 1997 711 2050; x_wconf 84' lang='lat' dir='ltr'><strong>qrros</strong></span> <span class='ocrx_word' id='word_1_183' title='bbox 735 1975 867 2035; x_wconf 87' lang='lat' dir='ltr'><strong>tractavit</strong></span> <span class='ocrx_word' id='word_1_184' title='bbox 892 1976 988 2050; x_wconf 86' lang='lat' dir='ltr'><strong>locos,</strong></span> <span class='ocrx_word' id='word_1_185' title='bbox 1007 1994 1070 2032; x_wconf 86' lang='lat' dir='ltr'><strong>uon</strong></span> <span class='ocrx_word' id='word_1_186' title='bbox 1085 1973 1165 2044; x_wconf 77' lang='lat' dir='ltr'><strong>male</strong></span> 
     </span>
    </p>
   </div>
   <div class='ocr_carea' id='block_1_13' title="bbox 95 2047 1281 2141">
    <p class='ocr_par' dir='ltr' id='par_1_14' title="bbox 95 2047 1281 2141">
     <span class='ocr_line' id='line_1_22' title="bbox 95 2047 1281 2141; baseline -0.003 -21"><span class='ocrx_word' id='word_1_187' title='bbox 95 2075 98 2080; x_wconf 85' lang='grc'><em>’</em></span> <span class='ocrx_word' id='word_1_188' title='bbox 127 2079 190 2120; x_wconf 87' lang='lat' dir='ltr'><strong>rem</strong></span> <span class='ocrx_word' id='word_1_189' title='bbox 223 2061 396 2135; x_wconf 61' lang='lat' dir='ltr'><strong>exprimant,</strong></span> <span class='ocrx_word' id='word_1_190' title='bbox 419 2064 517 2133; x_wconf 47' lang='lat' dir='ltr'><strong>,quari</strong></span> <span class='ocrx_word' id='word_1_191' title='bbox 546 2079 648 2118; x_wconf 85' lang='lat' dir='ltr'><strong>rerum</strong></span> <span class='ocrx_word' id='word_1_192' title='bbox 674 2080 707 2118; x_wconf 85' lang='lat' dir='ltr'><strong>ac</strong></span> <span class='ocrx_word' id='word_1_193' title='bbox 733 2061 883 2141; x_wconf 82' lang='lat' dir='ltr'><strong>proprium</strong></span> <span class='ocrx_word' id='word_1_194' title='bbox 910 2058 1070 2134; x_wconf 69' lang='lat' dir='ltr'><strong>particulas</strong></span> <span class='ocrx_word' id='word_1_195' title='bbox 1094 2047 1159 2137; x_wconf 79' lang='grc' dir='ltr'><strong>ἤδη</strong></span> <span class='ocrx_word' id='word_1_196' title='bbox 1185 2057 1193 2074; x_wconf 84' lang='grc'><em>’</em></span> <span class='ocrx_word' id='word_1_197' title='bbox 1279 2109 1281 2116; x_wconf 79' lang='grc'><strong><em>,</em></strong></span> 
     </span>
    </p>
   </div>
   <div class='ocr_carea' id='block_1_14' title="bbox 14 2135 1236 3300">
    <p class='ocr_par' dir='ltr' id='par_1_15' title="bbox 14 2135 1236 3300">
     <span class='ocr_line' id='line_1_23' title="bbox 126 2135 1161 2226; baseline -0.005 -26"><span class='ocrx_word' id='word_1_198' title='bbox 126 2161 212 2201; x_wconf 87' lang='lat' dir='ltr'><strong>usum</strong></span> <span class='ocrx_word' id='word_1_199' title='bbox 238 2145 352 2220; x_wconf 84' lang='lat' dir='ltr'><strong>posuit,</strong></span> <span class='ocrx_word' id='word_1_200' title='bbox 380 2152 415 2222; x_wconf 71' lang='lat' dir='ltr'><strong>¹ut</strong></span> <span class='ocrx_word' id='word_1_201' title='bbox 449 2135 512 2226; x_wconf 65' lang='grc' dir='ltr'><strong>ἤδη</strong></span> <span class='ocrx_word' id='word_1_202' title='bbox 539 2145 717 2210; x_wconf 75' lang='lat' dir='ltr'><strong>materialem</strong></span> <span class='ocrx_word' id='word_1_203' title='bbox 748 2145 886 2216; x_wconf 83' lang='lat' dir='ltr'><strong>temporis</strong></span> <span class='ocrx_word' id='word_1_204' title='bbox 916 2139 1161 2216; x_wconf 80' lang='lat' dir='ltr'><strong>significationem</strong></span> 
     </span>
     <span class='ocr_line' id='line_1_24' title="bbox 67 2223 1161 2304; baseline -0.005 -19"><span class='ocrx_word' id='word_1_205' title='bbox 67 2261 70 2274; x_wconf 59' lang='grc' dir='ltr'>ι</span> <span class='ocrx_word' id='word_1_206' title='bbox 125 2225 234 2286; x_wconf 80' lang='lat' dir='ltr'><strong>lraberc</strong></span> <span class='ocrx_word' id='word_1_207' title='bbox 253 2226 376 2296; x_wconf 88' lang='lat' dir='ltr'><strong>diceret,</strong></span> <span class='ocrx_word' id='word_1_208' title='bbox 399 2233 482 2300; x_wconf 76' lang='lat' dir='ltr'><strong>euni,</strong></span> <span class='ocrx_word' id='word_1_209' title='bbox 503 2228 529 2285; x_wconf 91' lang='lat' dir='ltr'><strong>si</strong></span> <span class='ocrx_word' id='word_1_210' title='bbox 551 2247 613 2284; x_wconf 83' lang='lat' dir='ltr'><strong>rem</strong></span> <span class='ocrx_word' id='word_1_211' title='bbox 633 2236 710 2299; x_wconf 77' lang='lat' dir='ltr'><strong>recte</strong></span> <span class='ocrx_word' id='word_1_212' title='bbox 732 2236 914 2301; x_wconf 88' lang='lat' dir='ltr'><strong>reputamus,</strong></span> <span class='ocrx_word' id='word_1_213' title='bbox 936 2245 996 2304; x_wconf 81' lang='lat' dir='ltr'><strong>uon</strong></span> <span class='ocrx_word' id='word_1_214' title='bbox 1017 2242 1080 2283; x_wconf 83' lang='lat' dir='ltr'><strong>esse</strong></span> <span class='ocrx_word' id='word_1_215' title='bbox 1099 2223 1161 2294; x_wconf 80' lang='lat' dir='ltr'><strong>uisi</strong></span> 
     </span>
     <span class='ocr_line' id='line_1_25' title="bbox 81 2305 1160 2387; baseline -0.006 -19"><span class='ocrx_word' id='word_1_216' title='bbox 81 2345 84 2350; x_wconf 92' lang='lat'>-</span> <span class='ocrx_word' id='word_1_217' title='bbox 126 2311 265 2376; x_wconf 72' lang='lat' dir='ltr'><strong>abusione</strong></span> <span class='ocrx_word' id='word_1_218' title='bbox 292 2309 414 2384; x_wconf 79' lang='lat' dir='ltr'><strong>quadam</strong></span> <span class='ocrx_word' id='word_1_219' title='bbox 436 2312 546 2383; x_wconf 87' lang='lat' dir='ltr'><strong>primae</strong></span> <span class='ocrx_word' id='word_1_220' title='bbox 568 2330 600 2368; x_wconf 86' lang='lat' dir='ltr'><strong>ac</strong></span> <span class='ocrx_word' id='word_1_221' title='bbox 621 2329 708 2370; x_wconf 75' lang='lat' dir='ltr'><strong>verae</strong></span> <span class='ocrx_word' id='word_1_222' title='bbox 728 2309 953 2387; x_wconf 75' lang='lat' dir='ltr'><strong>significationis</strong></span> <span class='ocrx_word' id='word_1_223' title='bbox 966 2313 1086 2378; x_wconf 82' lang='lat' dir='ltr'><strong>uatum,</strong></span> <span class='ocrx_word' id='word_1_224' title='bbox 1114 2305 1160 2362; x_wconf 83' lang='lat' dir='ltr'><strong>sa-</strong></span> 
     </span>
     <span class='ocr_line' id='line_1_26' title="bbox 127 2389 1206 2471; baseline -0.008 -18"><span class='ocrx_word' id='word_1_225' title='bbox 127 2394 184 2454; x_wconf 82' lang='lat' dir='ltr'><strong>rita</strong></span> <span class='ocrx_word' id='word_1_226' title='bbox 209 2394 341 2466; x_wconf 77' lang='lat' dir='ltr'><strong>intellegi</strong></span> <span class='ocrx_word' id='word_1_227' title='bbox 367 2403 476 2467; x_wconf 79' lang='lat' dir='ltr'><strong>potest:</strong></span> <span class='ocrx_word' id='word_1_228' title='bbox 507 2413 593 2471; x_wconf 87' lang='lat' dir='ltr'><strong>quem</strong></span> <span class='ocrx_word' id='word_1_229' title='bbox 622 2403 718 2460; x_wconf 77' lang='lat' dir='ltr'><strong>atatem</strong></span> <span class='ocrx_word' id='word_1_230' title='bbox 747 2403 892 2466; x_wconf 79' lang='lat' dir='ltr'><strong>tamquam</strong></span> <span class='ocrx_word' id='word_1_231' title='bbox 920 2389 1160 2464; x_wconf 85' lang='lat' dir='ltr'><strong>metaphoricum,</strong></span> <span class='ocrx_word' id='word_1_232' title='bbox 1202 2445 1206 2452; x_wconf 86' lang='grc'><em>,</em></span> 
     </span>
     <span class='ocr_line' id='line_1_27' title="bbox 126 2469 1213 2551; baseline -0.002 -19"><span class='ocrx_word' id='word_1_233' title='bbox 126 2485 158 2532; x_wconf 89' lang='lat' dir='ltr'><strong>ut</strong></span> <span class='ocrx_word' id='word_1_234' title='bbox 179 2478 241 2533; x_wconf 83' lang='lat' dir='ltr'><strong>eius</strong></span> <span class='ocrx_word' id='word_1_235' title='bbox 263 2469 352 2536; x_wconf 78' lang='lat' dir='ltr'><strong>v&#39;erbo</strong></span> <span class='ocrx_word' id='word_1_236' title='bbox 374 2486 454 2550; x_wconf 85' lang='lat' dir='ltr'><strong>utar,</strong></span> <span class='ocrx_word' id='word_1_237' title='bbox 474 2497 559 2536; x_wconf 86' lang='lat' dir='ltr'><strong>usum</strong></span> <span class='ocrx_word' id='word_1_238' title='bbox 581 2478 718 2550; x_wconf 84' lang='lat' dir='ltr'><strong>deinceps</strong></span> <span class='ocrx_word' id='word_1_239' title='bbox 738 2480 845 2551; x_wconf 83' lang='lat' dir='ltr'><strong>posuit,</strong></span> <span class='ocrx_word' id='word_1_240' title='bbox 867 2495 932 2540; x_wconf 83' lang='lat' dir='ltr'><strong>eum</strong></span> <span class='ocrx_word' id='word_1_241' title='bbox 952 2474 1039 2546; x_wconf 70' lang='lat' dir='ltr'><strong>facile</strong></span> <span class='ocrx_word' id='word_1_242' title='bbox 1058 2491 1163 2540; x_wconf 78' lang='lat' dir='ltr'><strong>verum</strong></span> <span class='ocrx_word' id='word_1_243' title='bbox 1209 2507 1213 2514; x_wconf 74' lang='lat'><em>,</em></span> 
     </span>
     <span class='ocr_line' id='line_1_28' title="bbox 90 2551 1236 2641; baseline -0.007 -24"><span class='ocrx_word' id='word_1_244' title='bbox 90 2551 93 2558; x_wconf 52' lang='lat'><strong><em>¹</em></strong></span> <span class='ocrx_word' id='word_1_245' title='bbox 126 2578 159 2617; x_wconf 87' lang='lat' dir='ltr'><strong>ao</strong></span> <span class='ocrx_word' id='word_1_246' title='bbox 186 2551 334 2631; x_wconf 83' lang='lat' dir='ltr'><strong>proprium</strong></span> <span class='ocrx_word' id='word_1_247' title='bbox 357 2579 420 2617; x_wconf 84' lang='lat' dir='ltr'><strong>esse</strong></span> <span class='ocrx_word' id='word_1_248' title='bbox 441 2568 571 2633; x_wconf 83' lang='lat' dir='ltr'><strong>apparet.</strong></span> <span class='ocrx_word' id='word_1_249' title='bbox 612 2558 741 2618; x_wconf 85' lang='lat' dir='ltr'><strong>Debebit</strong></span> <span class='ocrx_word' id='word_1_250' title='bbox 763 2561 841 2618; x_wconf 91' lang='lat' dir='ltr'><strong>euim</strong></span> <span class='ocrx_word' id='word_1_251' title='bbox 861 2555 913 2616; x_wconf 92' lang='lat' dir='ltr'><strong>illa</strong></span> <span class='ocrx_word' id='word_1_252' title='bbox 932 2554 1108 2641; x_wconf 74' lang='lat' dir='ltr'><strong>significatio</strong></span> <span class='ocrx_word' id='word_1_253' title='bbox 1130 2564 1161 2610; x_wconf 90' lang='lat' dir='ltr'><strong>ut</strong></span> <span class='ocrx_word' id='word_1_254' title='bbox 1187 2573 1190 2587; x_wconf 73' lang='lat'><strong><em>⁴</em></strong></span> <span class='ocrx_word' id='word_1_255' title='bbox 1231 2621 1236 2634; x_wconf 78' lang='lat'><strong>.</strong></span> 
     </span>
     <span class='ocr_line' id='line_1_29' title="bbox 125 2635 1177 2718; baseline -0.004 -20"><span class='ocrx_word' id='word_1_256' title='bbox 125 2643 219 2716; x_wconf 84' lang='lat' dir='ltr'><strong>prima</strong></span> <span class='ocrx_word' id='word_1_257' title='bbox 249 2653 276 2698; x_wconf 88' lang='lat' dir='ltr'><strong>et</strong></span> <span class='ocrx_word' id='word_1_258' title='bbox 302 2661 376 2712; x_wconf 51' lang='lat' dir='ltr'><strong>¹vera</strong></span> <span class='ocrx_word' id='word_1_259' title='bbox 404 2644 493 2715; x_wconf 84' lang='lat' dir='ltr'><strong>poni,</strong></span> <span class='ocrx_word' id='word_1_260' title='bbox 524 2659 599 2714; x_wconf 85' lang='lat' dir='ltr'><strong>quae</strong></span> <span class='ocrx_word' id='word_1_261' title='bbox 627 2649 672 2700; x_wconf 79' lang='lat' dir='ltr'><strong>est</strong></span> <span class='ocrx_word' id='word_1_262' title='bbox 695 2643 985 2712; x_wconf 78' lang='lat' dir='ltr'><strong>uuiversamaxume</strong></span> <span class='ocrx_word' id='word_1_263' title='bbox 1005 2656 1101 2710; x_wconf 82' lang='lat' dir='ltr'><strong>neque</strong></span> <span class='ocrx_word' id='word_1_264' title='bbox 1122 2635 1177 2718; x_wconf 36' lang='lat' dir='ltr'><strong>art,</strong></span> 
     </span>
     <span class='ocr_line' id='line_1_30' title="bbox 125 2722 1161 2798; baseline -0.007 -14"><span class='ocrx_word' id='word_1_265' title='bbox 125 2725 259 2798; x_wconf 76' lang='lat' dir='ltr'><strong>singulos</strong></span> <span class='ocrx_word' id='word_1_266' title='bbox 285 2733 396 2782; x_wconf 85' lang='lat' dir='ltr'><strong>tantum</strong></span> <span class='ocrx_word' id='word_1_267' title='bbox 417 2724 502 2782; x_wconf 78' lang='lat' dir='ltr'><strong>morlo</strong></span> <span class='ocrx_word' id='word_1_268' title='bbox 523 2724 603 2782; x_wconf 82' lang='lat' dir='ltr'><strong>locos</strong></span> <span class='ocrx_word' id='word_1_269' title='bbox 623 2725 760 2798; x_wconf 83' lang='lat' dir='ltr'><strong>pertinet.</strong></span> <span class='ocrx_word' id='word_1_270' title='bbox 801 2722 970 2782; x_wconf 82' lang='lat' dir='ltr'><strong>Latissnme</strong></span> <span class='ocrx_word' id='word_1_271' title='bbox 990 2727 1086 2778; x_wconf 88' lang='lat' dir='ltr'><strong>autem</strong></span> <span class='ocrx_word' id='word_1_272' title='bbox 1109 2739 1161 2793; x_wconf 86' lang='lat' dir='ltr'><strong>pa·</strong></span> 
     </span>
     <span class='ocr_line' id='line_1_31' title="bbox 126 2802 1165 2883; baseline -0.008 -17"><span class='ocrx_word' id='word_1_273' title='bbox 126 2817 168 2866; x_wconf 87' lang='lat' dir='ltr'><strong>tat</strong></span> <span class='ocrx_word' id='word_1_274' title='bbox 193 2828 227 2866; x_wconf 87' lang='lat' dir='ltr'><strong>ea</strong></span> <span class='ocrx_word' id='word_1_275' title='bbox 249 2807 407 2880; x_wconf 88' lang='lat' dir='ltr'><strong>particulae</strong></span> <span class='ocrx_word' id='word_1_276' title='bbox 428 2806 620 2882; x_wconf 78' lang='lat' dir='ltr'><strong>significatio,</strong></span> <span class='ocrx_word' id='word_1_277' title='bbox 648 2828 723 2883; x_wconf 83' lang='lat' dir='ltr'><strong>quae</strong></span> <span class='ocrx_word' id='word_1_278' title='bbox 742 2805 831 2865; x_wconf 84' lang='lat' dir='ltr'><strong>habet</strong></span> <span class='ocrx_word' id='word_1_279' title='bbox 853 2806 949 2880; x_wconf 84' lang='lat' dir='ltr'><strong>illam,</strong></span> <span class='ocrx_word' id='word_1_280' title='bbox 976 2823 1063 2878; x_wconf 89' lang='lat' dir='ltr'><strong>qnam</strong></span> <span class='ocrx_word' id='word_1_281' title='bbox 1077 2802 1165 2882; x_wconf 60' lang='lat' dir='ltr'><strong>alini,</strong></span> 
     </span>
     <span class='ocr_line' id='line_1_32' title="bbox 14 2886 595 2963; baseline -0.003 -13"><span class='ocrx_word' id='word_1_282' title='bbox 14 2897 16 2928; x_wconf 67' lang='lat'>⁵</span> <span class='ocrx_word' id='word_1_283' title='bbox 92 2935 97 2941; x_wconf 84' lang='lat'><strong>.</strong></span> <span class='ocrx_word' id='word_1_284' title='bbox 125 2891 373 2956; x_wconf 82' lang='lat' dir='ltr'><strong>adseveratiouem</strong></span> <span class='ocrx_word' id='word_1_285' title='bbox 395 2886 595 2963; x_wconf 79' lang='lat' dir='ltr'><strong>temporalem</strong></span> 
     </span>
     <span class='ocr_line' id='line_1_33' title="bbox 14 2965 1229 3047; baseline -0.007 -13"><span class='ocrx_word' id='word_1_286' title='bbox 14 2983 15 3004; x_wconf 67' lang='lat'>¹</span> <span class='ocrx_word' id='word_1_287' title='bbox 126 2981 132 2990; x_wconf 84' lang='grc'><strong>’</strong></span> <span class='ocrx_word' id='word_1_288' title='bbox 211 2971 262 3033; x_wconf 90' lang='lat' dir='ltr'><strong>Sio</strong></span> <span class='ocrx_word' id='word_1_289' title='bbox 288 2983 317 3032; x_wconf 88' lang='lat' dir='ltr'><strong>et</strong></span> <span class='ocrx_word' id='word_1_290' title='bbox 343 2971 378 3030; x_wconf 78' lang='lat' dir='ltr'><strong>ml</strong></span> <span class='ocrx_word' id='word_1_291' title='bbox 401 2976 587 3047; x_wconf 77' lang='lat' dir='ltr'><strong>praeteritum</strong></span> <span class='ocrx_word' id='word_1_292' title='bbox 608 2980 636 3032; x_wconf 93' lang='lat' dir='ltr'><strong>et</strong></span> <span class='ocrx_word' id='word_1_293' title='bbox 656 2972 852 3045; x_wconf 77' lang='lat' dir='ltr'><strong>adpraesens</strong></span> <span class='ocrx_word' id='word_1_294' title='bbox 873 2979 987 3044; x_wconf 87' lang='lat' dir='ltr'><strong>tempus</strong></span> <span class='ocrx_word' id='word_1_295' title='bbox 1008 2976 1037 3028; x_wconf 84' lang='lat' dir='ltr'><strong>ct</strong></span> <span class='ocrx_word' id='word_1_296' title='bbox 1057 2965 1095 3026; x_wconf 79' lang='lat' dir='ltr'><strong>ad</strong></span> <span class='ocrx_word' id='word_1_297' title='bbox 1113 2967 1159 3026; x_wconf 83' lang='lat' dir='ltr'><strong>su·</strong></span> <span class='ocrx_word' id='word_1_298' title='bbox 1224 2988 1229 2996; x_wconf 93' lang='lat'><strong>·</strong></span> 
     </span>
     <span class='ocr_line' id='line_1_34' title="bbox 14 3047 1161 3139; baseline -0.008 -22"><span class='ocrx_word' id='word_1_299' title='bbox 14 3067 16 3096; x_wconf 68' lang='lat'><em>³</em></span> <span class='ocrx_word' id='word_1_300' title='bbox 126 3065 222 3116; x_wconf 89' lang='lat' dir='ltr'><strong>turum</strong></span> <span class='ocrx_word' id='word_1_301' title='bbox 242 3059 308 3116; x_wconf 87' lang='lat' dir='ltr'><strong>sine</strong></span> <span class='ocrx_word' id='word_1_302' title='bbox 334 3056 393 3114; x_wconf 89' lang='lat' dir='ltr'><strong>ullo</strong></span> <span class='ocrx_word' id='word_1_303' title='bbox 421 3055 588 3115; x_wconf 85' lang='lat' dir='ltr'><strong>discrimine</strong></span> <span class='ocrx_word' id='word_1_304' title='bbox 613 3047 674 3139; x_wconf 76' lang='grc' dir='ltr'><strong>ἤδη</strong></span> <span class='ocrx_word' id='word_1_305' title='bbox 696 3054 837 3131; x_wconf 89' lang='lat' dir='ltr'><strong>particula</strong></span> <span class='ocrx_word' id='word_1_306' title='bbox 857 3055 1040 3129; x_wconf 78' lang='lat' dir='ltr'><strong>adiungitur,</strong></span> <span class='ocrx_word' id='word_1_307' title='bbox 1068 3051 1161 3110; x_wconf 85' lang='lat' dir='ltr'><strong>veluti</strong></span> 
     </span>
     <span class='ocr_line' id='line_1_35' title="bbox 14 3133 1183 3222; baseline -0.009 -20"><span class='ocrx_word' id='word_1_308' title='bbox 14 3149 16 3184; x_wconf 75' lang='lat'>⁵</span> <span class='ocrx_word' id='word_1_309' title='bbox 99 3141 158 3202; x_wconf 71' lang='lat' dir='ltr'><strong>,io</strong></span> <span class='ocrx_word' id='word_1_310' title='bbox 179 3140 238 3199; x_wconf 88' lang='lat' dir='ltr'><strong>illis</strong></span> <span class='ocrx_word' id='word_1_311' title='bbox 259 3139 345 3208; x_wconf 84' lang='lat' dir='ltr'><strong>louis,</strong></span> <span class='ocrx_word' id='word_1_312' title='bbox 370 3159 443 3212; x_wconf 84' lang='lat' dir='ltr'><strong>quos</strong></span> <span class='ocrx_word' id='word_1_313' title='bbox 457 3141 561 3214; x_wconf 84' lang='lat' dir='ltr'><strong>posuit</strong></span> <span class='ocrx_word' id='word_1_314' title='bbox 580 3135 762 3212; x_wconf 84' lang='lat' dir='ltr'><strong>Hartuugios</strong></span> <span class='ocrx_word' id='word_1_315' title='bbox 784 3139 806 3197; x_wconf 97' lang='lat' dir='ltr'><strong>l.</strong></span> <span class='ocrx_word' id='word_1_316' title='bbox 823 3139 846 3196; x_wconf 92' lang='lat' dir='ltr'><strong>l.</strong></span> <span class='ocrx_word' id='word_1_317' title='bbox 870 3159 899 3211; x_wconf 84' lang='lat' dir='ltr'><strong>p.</strong></span> <span class='ocrx_word' id='word_1_318' title='bbox 917 3143 978 3198; x_wconf 81' lang='lat'><strong>239</strong></span> <span class='ocrx_word' id='word_1_319' title='bbox 996 3157 1040 3212; x_wconf 83' lang='lat' dir='ltr'><strong>sq.</strong></span> <span class='ocrx_word' id='word_1_320' title='bbox 1081 3133 1159 3206; x_wconf 79' lang='lat' dir='ltr'><strong>Nam</strong></span> <span class='ocrx_word' id='word_1_321' title='bbox 1171 3201 1183 3222; x_wconf 37' lang='lat' dir='ltr'><strong><em>f</em></strong></span> 
     </span>
     <span class='ocr_line' id='line_1_36' title="bbox 124 3201 1166 3300; baseline -0.009 -14"><span class='ocrx_word' id='word_1_322' title='bbox 124 3226 151 3286; x_wconf 81' lang='lat' dir='ltr'><strong>si</strong></span> <span class='ocrx_word' id='word_1_323' title='bbox 174 3221 388 3298; x_wconf 82' lang='lat' dir='ltr'><strong>Aristophanes</strong></span> <span class='ocrx_word' id='word_1_324' title='bbox 409 3226 441 3280; x_wconf 89' lang='lat' dir='ltr'><strong>in</strong></span> <span class='ocrx_word' id='word_1_325' title='bbox 462 3223 609 3300; x_wconf 81' lang='lat' dir='ltr'><strong>Equitilms</strong></span> <span class='ocrx_word' id='word_1_326' title='bbox 629 3241 658 3281; x_wconf 85' lang='lat' dir='ltr'><strong>v.</strong></span> <span class='ocrx_word' id='word_1_327' title='bbox 680 3227 741 3282; x_wconf 78' lang='lat'><strong>209</strong></span> <span class='ocrx_word' id='word_1_328' title='bbox 763 3243 807 3296; x_wconf 76' lang='lat' dir='ltr'><strong>sq.</strong></span> <span class='ocrx_word' id='word_1_329' title='bbox 829 3222 919 3283; x_wconf 70' lang='lat' dir='ltr'><strong>dixin</strong></span> <span class='ocrx_word' id='word_1_330' title='bbox 1158 3201 1166 3230; x_wconf 77' lang='lat' dir='ltr'><strong>r</strong></span> 
     </span>
    </p>
   </div>
   <div class='ocr_carea' id='block_1_15' title="bbox 1057 2903 1064 2916">
    <p class='ocr_par' dir='ltr' id='par_1_16' title="bbox 1057 2903 1064 2916">
     <span class='ocr_line' id='line_1_37' title="bbox 1057 2903 1064 2916; baseline 0 0"><span class='ocrx_word' id='word_1_331' title='bbox 1057 2903 1064 2916; x_wconf 89' lang='grc' dir='ltr'><strong><em>Ι</em></strong></span> 
     </span>
    </p>
   </div>
   <div class='ocr_carea' id='block_1_16' title="bbox 298 3341 1043 3493">
    <p class='ocr_par' dir='ltr' id='par_1_17' title="bbox 298 3341 1043 3493">
     <span class='ocr_line' id='line_1_38' title="bbox 327 3341 992 3426; baseline -0.003 -23"><span class='ocrx_word' id='word_1_332' title='bbox 327 3350 382 3406; x_wconf 82' lang='grc' dir='ltr'><strong>Τὸν</strong></span> <span class='ocrx_word' id='word_1_333' title='bbox 401 3341 451 3406; x_wconf 77' lang='grc' dir='ltr'><strong>οὖν</strong></span> <span class='ocrx_word' id='word_1_334' title='bbox 469 3346 605 3420; x_wconf 74' lang='grc' dir='ltr'><strong>δράκοντά</strong></span> <span class='ocrx_word' id='word_1_335' title='bbox 625 3367 711 3422; x_wconf 65' lang='grc' dir='ltr'><strong><em>φησιν</em></strong></span> <span class='ocrx_word' id='word_1_336' title='bbox 728 3347 776 3404; x_wconf 81' lang='grc' dir='ltr'><strong>τὸν</strong></span> <span class='ocrx_word' id='word_1_337' title='bbox 789 3355 952 3418; x_wconf 70' lang='grc' dir='ltr'><strong>βυρσαίετον</strong></span> <span class='ocrx_word' id='word_1_338' title='bbox 982 3411 992 3426; x_wconf 90' lang='lat'><strong>.</strong></span> 
     </span>
     <span class='ocr_line' id='line_1_39' title="bbox 298 3414 1043 3493; baseline -0.008 -21"><span class='ocrx_word' id='word_1_339' title='bbox 298 3431 302 3435; x_wconf 84' lang='lat'>&#39;</span> <span class='ocrx_word' id='word_1_340' title='bbox 323 3415 374 3488; x_wconf 72' lang='grc' dir='ltr'><strong>ἤδη</strong></span> <span class='ocrx_word' id='word_1_341' title='bbox 394 3415 538 3493; x_wconf 74' lang='grc' dir='ltr'><strong><em>κρατήσειν</em></strong></span> <span class='ocrx_word' id='word_1_342' title='bbox 545 3459 553 3486; x_wconf 88' lang='grc'><strong>,</strong></span> <span class='ocrx_word' id='word_1_343' title='bbox 572 3422 646 3472; x_wconf 77' lang='grc' dir='ltr'><strong>αἴκε</strong></span> <span class='ocrx_word' id='word_1_344' title='bbox 662 3417 701 3489; x_wconf 75' lang='grc' dir='ltr'><strong>μὴ</strong></span> <span class='ocrx_word' id='word_1_345' title='bbox 719 3424 836 3490; x_wconf 49' lang='grc' dir='ltr'><strong>θαλφθῇ</strong></span> <span class='ocrx_word' id='word_1_346' title='bbox 854 3414 968 3486; x_wconf 55' lang='grc' dir='ltr'><strong>λόγοις,</strong></span> <span class='ocrx_word' id='word_1_347' title='bbox 1040 3449 1043 3456; x_wconf 79' lang='lat'><em>,</em></span> 
     </span>
    </p>
   </div>
   <div class='ocr_carea' id='block_1_17' title="bbox 14 3547 1163 4137">
    <p class='ocr_par' dir='ltr' id='par_1_18' title="bbox 79 3547 1162 3630">
     <span class='ocr_line' id='line_1_40' title="bbox 79 3547 1162 3630; baseline -0.012 -12"><span class='ocrx_word' id='word_1_348' title='bbox 79 3574 84 3579; x_wconf 85' lang='lat'>&#39;</span> <span class='ocrx_word' id='word_1_349' title='bbox 124 3556 159 3618; x_wconf 83' lang='lat' dir='ltr'><strong>itl</strong></span> <span class='ocrx_word' id='word_1_350' title='bbox 186 3576 245 3614; x_wconf 90' lang='lat' dir='ltr'><strong>nou</strong></span> <span class='ocrx_word' id='word_1_351' title='bbox 274 3562 319 3612; x_wconf 87' lang='lat' dir='ltr'><strong>est</strong></span> <span class='ocrx_word' id='word_1_352' title='bbox 342 3557 505 3628; x_wconf 84' lang='lat' dir='ltr'><strong>profectum</strong></span> <span class='ocrx_word' id='word_1_353' title='bbox 534 3575 574 3614; x_wconf 82' lang='lat' dir='ltr'><strong>ex</strong></span> <span class='ocrx_word' id='word_1_354' title='bbox 596 3558 732 3630; x_wconf 85' lang='lat' dir='ltr'><strong>temporis</strong></span> <span class='ocrx_word' id='word_1_355' title='bbox 754 3555 982 3628; x_wconf 77' lang='lat' dir='ltr'><strong>significatione,</strong></span> <span class='ocrx_word' id='word_1_356' title='bbox 1010 3549 1062 3610; x_wconf 83' lang='lat' dir='ltr'><strong>sed</strong></span> <span class='ocrx_word' id='word_1_357' title='bbox 1080 3547 1162 3624; x_wconf 62' lang='lat' dir='ltr'><strong>⁴nilril</strong></span> 
     </span>
    </p>

    <p class='ocr_par' dir='ltr' id='par_1_19' title="bbox 14 3635 1163 4137">
     <span class='ocr_line' id='line_1_41' title="bbox 14 3635 1160 3717; baseline -0.01 -18"><span class='ocrx_word' id='word_1_358' title='bbox 14 3679 40 3692; x_wconf 82' lang='lat'><strong>·.</strong></span> <span class='ocrx_word' id='word_1_359' title='bbox 124 3641 245 3717; x_wconf 86' lang='lat' dir='ltr'><strong>proprie</strong></span> <span class='ocrx_word' id='word_1_360' title='bbox 269 3638 372 3698; x_wconf 83' lang='lat' dir='ltr'><strong>(licitur</strong></span> <span class='ocrx_word' id='word_1_361' title='bbox 400 3637 478 3696; x_wconf 85' lang='lat' dir='ltr'><strong>aliud</strong></span> <span class='ocrx_word' id='word_1_362' title='bbox 508 3639 565 3696; x_wconf 86' lang='lat' dir='ltr'><strong>nisi</strong></span> <span class='ocrx_word' id='word_1_363' title='bbox 583 3636 667 3712; x_wconf 74' lang='lat' dir='ltr'><strong>linc,</strong></span> <span class='ocrx_word' id='word_1_364' title='bbox 699 3637 735 3697; x_wconf 87' lang='lat' dir='ltr'><strong>de</strong></span> <span class='ocrx_word' id='word_1_365' title='bbox 752 3639 813 3702; x_wconf 74' lang='lat' dir='ltr'><strong>‚illa</strong></span> <span class='ocrx_word' id='word_1_366' title='bbox 842 3657 890 3712; x_wconf 85' lang='lat' dir='ltr'><strong>re,</strong></span> <span class='ocrx_word' id='word_1_367' title='bbox 921 3656 1008 3710; x_wconf 86' lang='lat' dir='ltr'><strong>quam</strong></span> <span class='ocrx_word' id='word_1_368' title='bbox 1033 3635 1160 3691; x_wconf 84' lang='lat' dir='ltr'><strong>futuram</strong></span> 
     </span>
     <span class='ocr_line' id='line_1_42' title="bbox 126 3715 1161 3797; baseline -0.01 -13"><span class='ocrx_word' id='word_1_369' title='bbox 126 3743 193 3784; x_wconf 85' lang='lat' dir='ltr'><strong>ease</strong></span> <span class='ocrx_word' id='word_1_370' title='bbox 224 3721 308 3796; x_wconf 81' lang='lat' dir='ltr'><strong>dicit,</strong></span> <span class='ocrx_word' id='word_1_371' title='bbox 335 3724 394 3781; x_wconf 92' lang='lat' dir='ltr'><strong>iam</strong></span> <span class='ocrx_word' id='word_1_372' title='bbox 420 3721 503 3794; x_wconf 88' lang='lat' dir='ltr'><strong>quasi</strong></span> <span class='ocrx_word' id='word_1_373' title='bbox 524 3721 559 3778; x_wconf 85' lang='lat' dir='ltr'><strong>de</strong></span> <span class='ocrx_word' id='word_1_374' title='bbox 581 3739 612 3780; x_wconf 90' lang='lat' dir='ltr'><strong>re</strong></span> <span class='ocrx_word' id='word_1_375' title='bbox 633 3728 711 3780; x_wconf 89' lang='lat' dir='ltr'><strong>certo</strong></span> <span class='ocrx_word' id='word_1_376' title='bbox 732 3721 846 3797; x_wconf 82' lang='lat' dir='ltr'><strong>cognita</strong></span> <span class='ocrx_word' id='word_1_377' title='bbox 867 3729 1007 3777; x_wconf 85' lang='lat' dir='ltr'><strong>constare.</strong></span> <span class='ocrx_word' id='word_1_378' title='bbox 1025 3729 1036 3748; x_wconf 75' lang='lat'>‘</span> <span class='ocrx_word' id='word_1_379' title='bbox 1051 3715 1090 3774; x_wconf 87' lang='lat' dir='ltr'><strong>Et</strong></span> <span class='ocrx_word' id='word_1_380' title='bbox 1111 3735 1161 3774; x_wconf 88' lang='lat' dir='ltr'><strong>eo·</strong></span> 
     </span>
     <span class='ocr_line' id='line_1_43' title="bbox 126 3799 1159 3878; baseline -0.008 -14"><span class='ocrx_word' id='word_1_381' title='bbox 126 3805 193 3864; x_wconf 78' lang='lat' dir='ltr'><strong>clem</strong></span> <span class='ocrx_word' id='word_1_382' title='bbox 221 3805 307 3863; x_wconf 83' lang='lat' dir='ltr'><strong>modo</strong></span> <span class='ocrx_word' id='word_1_383' title='bbox 333 3807 366 3864; x_wconf 90' lang='lat' dir='ltr'><strong>iu</strong></span> <span class='ocrx_word' id='word_1_384' title='bbox 392 3801 599 3878; x_wconf 80' lang='lat' dir='ltr'><strong>Xenophontis</strong></span> <span class='ocrx_word' id='word_1_385' title='bbox 626 3803 757 3864; x_wconf 74' lang='lat' dir='ltr'><strong>coartato</strong></span> <span class='ocrx_word' id='word_1_386' title='bbox 776 3805 850 3878; x_wconf 73' lang='lat' dir='ltr'><strong>‘cap</strong></span> <span class='ocrx_word' id='word_1_387' title='bbox 872 3800 915 3860; x_wconf 89' lang='lat' dir='ltr'><strong>V.</strong></span> <span class='ocrx_word' id='word_1_388' title='bbox 938 3806 966 3874; x_wconf 85' lang='lat'><strong>§.</strong></span> <span class='ocrx_word' id='word_1_389' title='bbox 989 3803 1018 3858; x_wconf 83' lang='lat'><strong>5.</strong></span> <span class='ocrx_word' id='word_1_390' title='bbox 1040 3799 1159 3872; x_wconf 81' lang='lat' dir='ltr'><strong>dicitur:</strong></span> 
     </span>
     <span class='ocr_line' id='line_1_44' title="bbox 118 3877 1161 3978; baseline -0.012 -24"><span class='ocrx_word' id='word_1_391' title='bbox 118 3879 245 3954; x_wconf 74' lang='grc' dir='ltr'><em>,Οἶσθα</em></span> <span class='ocrx_word' id='word_1_392' title='bbox 267 3877 338 3960; x_wconf 73' lang='grc' dir='ltr'><strong>οὖν,</strong></span> <span class='ocrx_word' id='word_1_393' title='bbox 361 3880 444 3970; x_wconf 72' lang='grc' dir='ltr'><strong>ἔφη,</strong></span> <span class='ocrx_word' id='word_1_394' title='bbox 467 3880 763 3970; x_wconf 52' lang='grc' dir='ltr'><strong><em>ὀφθαλμῶντιζνος</em></strong></span> <span class='ocrx_word' id='word_1_395' title='bbox 785 3881 878 3948; x_wconf 75' lang='grc' dir='ltr'><strong><em>ἕνεκα</em></strong></span> <span class='ocrx_word' id='word_1_396' title='bbox 900 3881 1068 3978; x_wconf 62' lang='lat' dir='ltr'><strong>trapam,-</strong></span> <span class='ocrx_word' id='word_1_397' title='bbox 1092 3882 1161 3962; x_wconf 75' lang='grc' dir='ltr'><strong>Δῆ-</strong></span> 
     </span>
     <span class='ocr_line' id='line_1_45' title="bbox 86 3957 1163 4054; baseline -0.009 -18"><span class='ocrx_word' id='word_1_398' title='bbox 86 4013 105 4036; x_wconf 29' lang='grc' dir='ltr'><strong>-χ</strong></span> <span class='ocrx_word' id='word_1_399' title='bbox 125 3971 204 4043; x_wconf 78' lang='grc' dir='ltr'><strong><em>λον,</em></strong></span> <span class='ocrx_word' id='word_1_400' title='bbox 225 3963 308 4054; x_wconf 72' lang='grc' dir='ltr'><strong><em>ἔφη,</em></strong></span> <span class='ocrx_word' id='word_1_401' title='bbox 331 3965 385 4033; x_wconf 73' lang='grc' dir='ltr'><strong>ὅτι</strong></span> <span class='ocrx_word' id='word_1_402' title='bbox 406 3969 465 4032; x_wconf 77' lang='grc' dir='ltr'><strong>τοῦ</strong></span> <span class='ocrx_word' id='word_1_403' title='bbox 480 3966 580 4053; x_wconf 76' lang='grc' dir='ltr'><strong><em>ὁρᾶν.</em></strong></span> <span class='ocrx_word' id='word_1_404' title='bbox 620 3964 716 4032; x_wconf 74' lang='lat' dir='ltr'><strong>otro</strong></span> <span class='ocrx_word' id='word_1_405' title='bbox 737 3965 804 4050; x_wconf 84' lang='grc' dir='ltr'><strong>μὲν</strong></span> <span class='ocrx_word' id='word_1_406' title='bbox 817 3964 925 4032; x_wconf 79' lang='grc' dir='ltr'><strong><em>τοίνυν</em></strong></span> <span class='ocrx_word' id='word_1_407' title='bbox 945 3962 1008 4049; x_wconf 78' lang='grc' dir='ltr'><strong>ὴδη</strong></span> <span class='ocrx_word' id='word_1_408' title='bbox 1032 3959 1064 4030; x_wconf 80' lang='lat' dir='ltr'><strong>oi</strong></span> <span class='ocrx_word' id='word_1_409' title='bbox 1086 3957 1163 4042; x_wconf 70' lang='grc' dir='ltr'><strong><em>ἐμοὶ</em></strong></span> 
     </span>
     <span class='ocr_line' id='line_1_46' title="bbox 125 4044 1161 4137; baseline -0.01 -19"><span class='ocrx_word' id='word_1_410' title='bbox 125 4048 306 4137; x_wconf 71' lang='grc' dir='ltr'><strong><em>ὀφθαλμοὶ</em></strong></span> <span class='ocrx_word' id='word_1_411' title='bbox 333 4047 503 4130; x_wconf 79' lang='grc' dir='ltr'><strong><em>καλλίονες</em></strong></span> <span class='ocrx_word' id='word_1_412' title='bbox 530 4044 571 4116; x_wconf 73' lang='grc' dir='ltr'><strong>ἂν</strong></span> <span class='ocrx_word' id='word_1_413' title='bbox 599 4054 663 4116; x_wconf 77' lang='grc' dir='ltr'><strong>τῶν</strong></span> <span class='ocrx_word' id='word_1_414' title='bbox 690 4053 757 4118; x_wconf 84' lang='grc' dir='ltr'><strong>σῶν</strong></span> <span class='ocrx_word' id='word_1_415' title='bbox 786 4045 910 4136; x_wconf 77' lang='grc' dir='ltr'><strong><em>εἴησαν.</em></strong></span> <span class='ocrx_word' id='word_1_416' title='bbox 952 4047 1030 4112; x_wconf 86' lang='lat' dir='ltr'><strong>Nam</strong></span> <span class='ocrx_word' id='word_1_417' title='bbox 1052 4052 1085 4110; x_wconf 84' lang='lat' dir='ltr'><strong>in</strong></span> <span class='ocrx_word' id='word_1_418' title='bbox 1107 4046 1161 4110; x_wconf 67' lang='lat' dir='ltr'><strong>lior</strong></span> 
     </span>
    </p>
   </div>
   <div class='ocr_carea' id='block_1_18' title="bbox 0 0 1426 4596">
    <p class='ocr_par' dir='ltr' id='par_1_20' title="bbox 0 0 1426 4596">
     <span class='ocr_line' id='line_1_47' title="bbox 0 0 1426 4596; baseline 0 2"><span class='ocrx_word' id='word_1_419' title='bbox 0 0 1426 4596; x_wconf 95' lang='lat' dir='ltr'><strong> </strong></span> 
     </span>
    </p>
   </div>
  </div>
 </body>
</html>
