2900 4584
607 249 698 331 tur.
1108 253 1177 331 U

134 421 342 504 Thucydidem
359 428 458 501 sutem
477 423 529 486 utut
547 421 657 504 legitur
675 423 819 498 particulo
838 419 912 504 diu,
934 428 1174 504 nimpe-itur

137 509 367 582 significatione,
390 505 547 582 quncpod
566 507 697 580 reliquos
718 511 872 583 scriptores
894 513 1017 576 Atticos.
1059 512 1099 574 Et
1119 514 1174 576 lib.

138 591 256 694 cuidem
277 589 335 650 tv.
358 611 421 668 cap.
445 598 515 652 130.
540 589 614 650 haec
633 591 785 666 leguntur:
818 585 858 654 Oi
881 591 916 656 dr*
933 586 1110 678 Ἀθηναῖοι
1133 630 1170 644 ·-

68 695 71 707 ·
139 668 336 748 εσπεσόντες
357 669 393 748 ἐς
411 672 471 757 τὴν
490 673 629 756 Μένδην
648 667 764 743 πόλιν,
796 669 857 736 ἅτε
879 665 938 738 οὐκ
960 669 1028 754 ἀπὸ
1050 674 1175 760 §credd-

137 777 222 830 σεως
243 749 468 836 ἀνοιχθεῖσαι,
492 749 609 842 ἁπάσῃ
632 758 674 842 τῇ
699 758 854 841 στρατιᾷ,
886 751 931 834 ὡς
952 753 1035 828 κατὰ
1058 763 1176 840 rodcog

137 832 266 914 ἑλόντες
291 832 510 924 διήρπασαν,
536 841 586 898 ubi
616 862 702 915 quem
730 841 905 900 admodum
930 837 990 904 ἅτε
1014 842 1121 902 dictum
1142 849 1178 904 sit

134 931 271 996 apparet,
303 933 332 982 et
360 925 412 982 iib.
436 921 524 982 tht.
552 937 615 998 σεχ).
645 929 695 982 52.
737 920 794 988 καὶ
821 917 839 987 ὃ
866 921 927 1003 μὲν
952 917 1179 1010 Ἀλκιβιάδης,

134 1001 195 1068 ἅτε
216 1002 297 1091 περὶ
313 1001 471 1088 μεχόλων
492 998 741 1088 ἀγωνιζόμενος,
762 1003 953 1090 προθύμως
973 1005 1029 1072 τὸν
1055 1011 1180 1074 Τισσα-

45 1125 52 1130 -
135 1086 258 1174 φὲρνην
278 1084 481 1178 θεραπεύων
502 1089 727 1175 προσέκειτο,
750 1114 808 1168 quc
831 1095 864 1152 iu
889 1094 952 1154 icco
974 1095 1039 1170 ipsc
1060 1113 1180 1169 quoque

134 1171 262 1233 difficilis
283 1195 382 1234 caussa
403 1196 462 1234 non
484 1184 536 1235 est.
579 1172 657 1234 Nam
679 1173 731 1234 lib.
756 1173 830 1236 Vii.
851 1197 914 1252 csp.
935 1181 1004 1252 24,
1028 1180 1080 1236 uhi
1103 1198 1180 1238 nuuc
1283 1225 1288 1232 .

133 1255 218 1318 imru.
242 1255 400 1319 Behkerus
428 1281 468 1320 ex
498 1257 757 1336 lihrcsparisiensi
776 1259 854 1335 Reg.
880 1265 988 1336 tres,
1016 1261 1092 1320 libro
1120 1282 1180 1321 nott

122 1343 230 1423 λοσε,
259 1342 366 1404 ediditr
396 1333 597 1428 ’Ἀνθρωποι
627 1334 660 1408 d'
691 1339 726 1406 ἐν
752 1345 817 1409 τῶν
843 1344 959 1422 τειχῶν
987 1344 1028 1429 τῇ
1056 1337 1181 1413 dicture

106 1494 109 1500 ,
135 1415 310 1510 ᾇπέῧαναν
333 1422 389 1490 καί
411 1420 647 1510 ἐζωγρήθησαν
668 1423 800 1500 πολλοί,
824 1423 880 1490 καὶ
897 1419 1051 1511 χρήματα
1068 1419 1180 1492 πολλὰ

123 1505 177 1570 τὰ
210 1501 383 1586 ξύμπαντα
416 1502 519 1584 isidor·
553 1507 611 1574 ἅτε
643 1507 705 1592 γὰρ
738 1506 877 1594 ταμιείῳ
908 1509 1084 1592 χρωμένων
1114 1508 1180 1578 τῶν
1280 1563 1285 1570 .

131 1582 319 1674 Ἀθηναίων
351 1594 421 1668 τοῖς
450 1589 573 1672 τείχεσι
604 1588 716 1658 πολλὰ
745 1591 805 1673 μὲν
837 1589 995 1680 ἐμπόρων
1024 1587 1179 1678 χρήματα

138 1667 195 1758 καὶ
217 1677 308 1750 σῖτος
329 1669 424 1758 dorin,
434 1673 543 1738 πολλὰ
567 1672 604 1738 δὲ
627 1672 682 1740 καὶ
703 1669 909 1760 τριηράρχων
930 1668 1004 1746 arch.
1025 1677 1180 1752 dupliciter

50 1806 53 1812 .
137 1753 218 1832 leges
247 1761 316 1819 artis
345 1762 459 1820 criticae
486 1761 621 1834 migravit
653 1760 699 1818 vir
726 1761 926 1834 clarissrrurus,
955 1759 1181 1836 primumquod

137 1851 322 1916 cptumcrum
357 1863 389 1904 ac
420 1843 621 1916 plurrimorum
655 1843 796 1900 librorum
825 1846 986 1916 scripturae
1017 1845 1182 1918 anteposuit

137 1921 296 1996 lectionem
317 1925 385 1985 libri
408 1927 571 2000 deterioris,
595 1946 652 1984 nott
671 1924 800 1987 indicata
823 1929 871 1986 via
895 1948 927 1984 oc
945 1929 1073 2000 ratione,
1096 1949 1182 2002 quent

138 2009 175 2066 ad
198 2009 315 2069 modum
336 2012 369 2069 iu
390 2011 480 2068 iihrcs
497 2019 627 2084 optumos
643 2011 757 2084 vitiosa,
778 2012 810 2072 in
827 2009 997 2070 deteriorem
1015 2014 1182 2086 quempiam

135 2093 245 2160 librum
279 2113 347 2152 vera
377 2097 521 2167 scriptura
550 2095 751 2168 pervenisset:
787 2091 893 2168 deinde
920 2099 1050 2168 percssit
1077 2098 1107 2154 in
1136 2113 1182 2169 eo,

135 2177 214 2252 quod
236 2177 319 2254 iliud,
342 2179 419 2252 quod
439 2181 579 2254 reposuit,
597 2199 635 2236 ne
659 2179 687 2238 ei
712 2178 829 2252 qrridem
850 2179 963 2238 dicendi
983 2181 1100 2256 generi,
1123 2199 1182 2256 quo

134 2282 206 2334 usus
229 2259 415 2337 Thucydides
437 2273 495 2336 est,
517 2266 583 2320 satis
609 2265 752 2340 convenit.
797 2261 891 2322 Attici
914 2265 993 2320 enim
1016 2266 1182 2340 scriptores,

136 2355 168 2404 nt
195 2367 281 2419 supra
303 2348 448 2421 diximus,
476 2367 536 2404 nou
558 2355 698 2420 usurpant
718 2343 991 2420 heucparticulcm
1012 2350 1070 2408 nisi
1092 2351 1124 2406 in
1150 2368 1182 2406 rc

137 2449 216 2488 vera.
259 2427 360 2502 ltaque
385 2451 444 2488 non
467 2437 543 2490 recte
565 2431 696 2493 fecerunt
717 2449 814 2504 neque
836 2429 907 2490 Ero.
931 2429 1034 2506 Ppppo
1054 2429 1091 2490 ad
1110 2430 1140 2488 h.
1160 2429 1181 2489 Ι.

137 2533 235 2586 treqtre
264 2509 415 2593 Augustus
445 2511 589 2574 Matthiae
617 2517 649 2572 in
679 2517 806 2572 Grnrnnt.
837 2517 889 2572 Gr.
920 2513 1006 2590 cntpi.
1035 2537 1066 2588 p.
1091 2517 1182 2572 1287.

137 2599 280 2669 ineunte,
322 2599 400 2672 quod
426 2591 461 2656 vI.
495 2595 631 2657 Behheri
666 2598 808 2654 rationem
842 2617 903 2654 nou
934 2598 1183 2670 improbauerunt.

137 2675 239 2740 Facile
261 2671 358 2740 autent
379 2682 431 2740 iiie
446 2677 627 2754 Thucydidis
645 2677 726 2744 locus
749 2677 886 2749 expediri
909 2686 1014 2752 potest,
1038 2689 1069 2736 nt
1091 2698 1185 2754 neque
1290 2679 1297 2688 '

138 2763 283 2834 librorum
312 2774 496 2836 optumorum
523 2763 646 2818 nimium
670 2759 841 2836 neglegatur
863 2764 1016 2818 arroteritae
1038 2781 1134 2834 neque
1153 2761 1185 2824 id

141 2855 292 2914 remaneat
321 2849 355 2902 in
375 2845 558 2920 Thucydidis
586 2846 733 2920 oratione,
765 2841 843 2916 quod
870 2843 942 2900 ferri
962 2847 1017 2902 isto
1038 2845 1102 2904 loco
1126 2865 1185 2906 nott

142 2930 255 3028 possit,
285 2922 378 3006 edors,
422 2926 613 2998 scribendum
641 2929 720 2986 enim
747 2939 790 2985 est
814 2928 981 2986 certissuma
1002 2931 1183 2988 coniectura:

131 3002 339 3092 Ἀνέλρωποι
367 2998 398 3072 d'
429 3005 465 3072 ἕν
491 3011 555 3072 τῶν
582 3011 696 3088 τειχῶν
724 3009 765 3096 τῆ
788 3001 911 3072 ἁλώσει
934 3001 1107 3076 ἀπέθανον
1128 3009 1185 3076 καλ

140 3087 379 3177 ,ἐζωγρήθησαν
398 3089 533 3166 πολλοί,
562 3089 619 3156 καί
636 3086 791 3177 χρήματα
812 3086 932 3158 πολλόί
947 3091 988 3157 τὰ
1009 3091 1183 3174 ξύμπαντα
1270 3164 1274 3175 ,

96 3245 99 3248 ,
139 3171 249 3242 ἑάλω·
274 3171 320 3250 ὥς
339 3193 386 3240 τε
402 3172 465 3261 γὰρ
487 3173 626 3262 ταμιείῳ
646 3173 822 3262 χρωμένων
836 3169 1100 3263 τῶνἍθρναίων
1113 3181 1186 3280 τοῖς

131 3257 261 3338 ,τείχεσι
282 3257 391 3324 πολλὰ
405 3258 471 3341 μὲν
492 3255 648 3344 ἐμπόρων
667 3255 820 3345 χρήματα
843 3257 899 3324 καὶ
921 3266 1012 3336 σῖτος
1030 3259 1104 3344 ἐνῆν
1118 3283 1185 3326 trra.

138 3343 241 3404 Potest
273 3347 350 3424 τοῖσι
381 3349 470 3404 etiam
502 3343 612 3404 Latina
644 3351 775 3404 oratioue
806 3347 848 3402 ihi
882 3345 958 3404 dicis
1001 3351 1109 3404 Etenim
1143 3348 1186 3402 ttti

139 3429 240 3490 horreo
265 3423 351 3506 'qucnt
378 3437 522 3486 uterentur
546 3430 728 3508 Atinenicnscs
752 3428 914 3496 cercentius,
946 3429 1051 3485 nunttcc
1074 3445 1186 3484 mercc-

140 3521 233 3571 tcrtnn
260 3529 365 3568 sncrccs
386 3518 412 3566 ct
433 3511 602 3580 frumcntcnc
624 3511 663 3567 ihi
684 3519 746 3568 crat
767 3518 818 3566 etc.
862 3507 977 3565 Dicitur
999 3509 1076 3566 enirn
1099 3506 1186 3566 etism

82 3639 97 3644 -
140 3595 209 3655 aliis
230 3594 301 3656 louis
326 3587 363 3654 τὲ
388 3586 451 3670 γὰρ
475 3589 530 3647 hcc
552 3591 639 3648 mcdc
661 3612 678 3646 a
701 3589 876 3664 Thucydide
896 3597 925 3648 et
947 3585 1046 3661 ὥστε,
1073 3595 1130 3664 sic,
1153 3599 1186 3648 ut

142 3679 230 3753 ¹volgo
261 3686 328 3736 suut
348 3675 534 3747 interpretati
554 3675 739 3746 grammatici,
760 3673 855 3731 locum
878 3675 954 3748 opud
977 3695 1043 3736 eum
1064 3677 1186 3748 scripto-

142 3784 206 3823 rem
230 3759 404 3819 nonhabet.
447 3755 496 3814 De
516 3764 639 3828 utraque
659 3777 690 3814 re
712 3777 762 3813 suc
782 3757 846 3816 loco
863 3757 1066 3830 explicabitur.
1110 3761 1115 3765 ’

142 3828 145 3837 ’
228 3843 278 3903 Sic
304 3846 396 3917 igitur
418 3839 512 3900 Attici
538 3842 693 3912 scriptores
715 3839 851 3896 videntur
872 3835 1015 3911 particule
1033 3831 1094 3899 inice
1117 3857 1186 3896 ocu.

143 3936 255 3993 stanter
278 3929 420 3986 σείσειε.
465 3923 651 4002 Quamquam
674 3927 777 3995 poetae
801 3923 913 3992 tragici,
939 3940 1025 3994 quom
1048 3921 1187 3994 particule

145 4033 181 4073 cs
201 4010 430 4088 significatione,
455 4029 512 4082 qun
534 4009 691 4084 scriptores
712 4000 807 4062 Attici
828 4005 1016 4080 usurpabant,
1039 4005 1187 4066 videretur

145 4098 264 4156 omuino
294 4115 313 4170 e
340 4093 488 4170 grandiori
514 4111 638 4165 poeseos
667 4109 775 4172 genere
804 4087 975 4166 abhorrere,
1002 4091 1062 4172 ipsi
1090 4100 1185 4152 autem
