2922 4586
46 309 50 316 .
170 213 391 348 ¹fars,
761 246 818 316 aa
960 300 964 304 ,

184 409 187 412 ’
269 405 373 480 ὅντων
397 414 462 478 τῶν
482 408 567 496 μετὰ
587 397 708 496 andana
727 412 788 518 ιίρς
814 404 947 515 ἡλικίας
968 405 1131 488 ἐπαίνων,
1157 405 1193 478 ἐν
1217 397 1240 496 ᾖ
1265 405 1308 480 sd.

270 494 374 602 ριρὸὲν
400 491 636 582 ἐξαμαρτάνειν
661 497 734 596 τρῖς
754 491 871 572 α’λλοις
891 487 1006 559 roardo
1027 488 1133 558 ἐστιν·
1164 495 1242 558 σοῦ
1272 487 1308 556 d'

337 577 345 600 ἱ
391 581 396 590 n

208 601 236 630 ἰ
272 602 346 644 απι
381 579 552 645 πολλῶν
586 575 648 661 μὲν
680 602 720 641 αν
749 600 801 654 τις
832 573 888 642 καὶ
920 571 1042 678 ἑτέρωρ
1068 572 1127 661 τὴν
1156 569 1312 661 ἀνδρείαν

274 659 422 734 διέλθοι,
444 656 591 740 μάλιστα
611 655 643 725 d’
660 657 718 726 dari
739 664 799 744 τῆς
819 651 1000 744 ἀσκήσεως,
1021 680 1062 743 ης
1082 654 1139 722 καί
1156 658 1313 722 πλεῖστοι

272 740 459 828 γεγένηνται
485 738 676 829 μάρουρες.,
705 765 763 820 quo
790 746 824 803 iu
849 745 913 803 loco
940 763 1029 818 quom
1043 743 1311 819 neglecteesseut,

273 848 349 903 quaa
369 829 570 903 supra-posita
590 835 674 886 eraut
690 828 795 910 rerba:
827 823 895 910 Τὴν
916 822 1025 888 τοίνυν
1048 816 1193 910 ἀνδρίαν,
1213 834 1312 884 orator

163 911 166 918 '
272 931 334 969 nou
355 913 417 969 sine
440 913 622 985 oppositione
643 913 764 970 resumit
784 911 922 976 orationis
942 908 1026 966 filum
1046 906 1092 966 his
1111 909 1227 968 verbisr
1250 905 1312 984 ροῦ

274 984 307 1056 d’
332 983 389 1055 ἒπί
410 989 544 1055 πολλῶν
564 989 624 1065 μὲν
645 985 714 1054 nuh:
753 990 855 1067 Atque
875 990 923 1051 his
944 989 1158 1066 quideurlocis
1179 988 1311 1050 Hartun·
1381 993 1385 1000 '

132 1139 135 1144 ,
272 1076 338 1152 gius
358 1093 444 1135 usum
463 1075 623 1149 particulae
645 1071 681 1138 δὲ
701 1077 733 1134 in
753 1072 925 1150 parenthesi
940 1075 1091 1134 terminari
1103 1074 1207 1133 voluit.
1250 1069 1312 1130 Sed

204 1199 206 1202 -
272 1176 340 1232 ego‘
357 1156 444 1216 credo
469 1157 574 1237 leue'rnx
593 1160 678 1218 istam
694 1159 931 1233 oppositionem,
963 1177 1050 1231 quam
1070 1165 1154 1214 nacta
1174 1160 1222 1216 ‘eat
1242 1174 1311 1230 par·

272 1240 360 1300 ticula
391 1235 428 1303 δὲ
454 1259 495 1299 ex
517 1240 697 1300 adfirmative
719 1243 750 1301 ri
773 1261 843 1315 sua,
871 1258 959 1314 possa
982 1241 1069 1298 ctiam
1088 1240 1129 1297 ihi
1149 1239 1183 1297 iu
1205 1242 1324 1313 paren-'-
1408 1237 1411 1245 '

272 1321 350 1383 thesi
375 1323 471 1381 locum
497 1320 621 1400 hahere,
652 1324 702 1383 uhi
722 1325 874 1399 'oppositio
901 1323 996 1382 miuus
1024 1331 1141 1381 exstare
1168 1322 1311 1394 rideatur,

150 1476 153 1479 ,
272 1407 370 1480 itaque
399 1407 555 1480 comprobo
577 1403 660 1464 Imm.
681 1403 817 1466 Bekkeri
843 1405 998 1478 iudicium,
1028 1406 1080 1479 qui
1106 1407 1140 1463 in
1164 1403 1310 1478 Platonis,

272 1489 324 1562 qui
350 1487 461 1559 fertur,
486 1489 633 1548 Alcibiade
652 1493 747 1564 priore
773 1485 919 1547 Parcit.
942 1486 1002 1548 rol.
1023 1485 1089 1547 111.'
1109 1508 1142 1562 p.
1163 1494 1235 1546 302.
1262 1486 1310 1546 ed.

273 1589 355 1644 suae,
380 1590 410 1643 p.
433 1573 504 1630 105.
525 1568 567 1629 A.
588 1569 635 1629 ed.
655 1567 698 1628 Η.
722 1568 825 1646 Steph.
851 1565 928 1629 hand
950 1569 1150 1644 plurumoruun
1170 1571 1310 1629 librorum

271 1654 459 1728 scripturam,
491 1654 578 1711 etiam
609 1669 627 1711 a
657 1656 762 1712 ceteris
794 1652 952 1714 editoribus
980 1662 1141 1728 sarratam,
1173 1653 1310 1727 reliquita

268 1726 376 1814 ‘Hyai,
406 1730 463 1796 ἐὰν
489 1735 617 1798 θᾶττον
633 1727 695 1812 Ιεἰς
717 1731 774 1798 τὸν
789 1729 978 1818 Ἀθηναίων
999 1733 1108 1818 δῆμον
1125 1732 1310 1818 παρέλθῃς,

271 1816 371 1879 τοῦτο
400 1812 437 1880 dd
465 1809 608 1880 ἔσεσθαι
633 1811 727 1894 μάλα
753 1807 809 1880 ὀλί
829 1837 874 1878 ιον
894 1808 1041 1920 ίρμιριῖιν,
1069 1811 1251 1898 παρελθὼν
1272 1810 1310 1878 dd

271 1891 481 1972 ἐνδείξεσθαι
489 1889 686 1998 Ἀθρναίοις
706 1894 761 1962 ὅτι
778 1839 828 1974 dg
1158 1891 1167 1917 ‘

272 1999 362 2054 qaam
384 1981 451 2040 libri
473 1988 532 2041 tres
554 2001 614 2039 non
634 1983 702 2039 mali
725 1980 865 2042 exhibent
888 1970 946 2046 οὖν
967 1981 1138 2056 particulam
1158 1990 1223 2057 post
1243 2002 1311 2056 par·
1344 2054 1347 2059 Ι

271 2063 402 2136 ticipium
422 2057 623 2143 παρελθών,
648 2084 723 2137 quae
748 2085 837 2139 quom
860 2071 929 2139 post
949 2063 1137 2139 parenthesin
1158 2085 1228 2124 sane
1250 2067 1310 2123 usi·

271 2147 420 2203 tatissuma
440 2147 491 2217 sit,
512 2143 653 2205 hocloco
674 2167 692 2206 a
710 2151 916 2209 correctoribus
936 2149 1066 2223 prolecta
1086 2153 1150 2208 esse
1164 2147 1308 2206 rideatur.
1335 2143 1338 2152 ’

271 2224 350 2289 llam
378 2225 455 2301 quud
476 2225 660 2303 Hartuugius
686 2230 730 2301 ihi
756 2225 940 2311 παρελθὼν
966 2227 1006 2314 δὴ
1036 2229 1219 2294 scribendum
1242 2252 1310 2288 con·

113 2365 115 2372 ,
194 2333 197 2337 ’
271 2310 352 2382 iecit,
372 2309 403 2367 id
425 2311 593 2383 neutiquam
613 2313 731 2385 accipio.
765 2311 883 2372 Dicitur
897 2319 993 2374 autem
1007 2308 1310 2388 conclamatio,

271 2399 305 2452 ut
331 2389 400 2466 ille,
428 2393 480 2465 qui
505 2394 688 2467 interpositis
718 2395 834 2454 verbisr
862 2394 960 2458 rotro
990 2391 1027 2458 dd
1057 2393 1199 2460 ἔσεσθαι
1218 2387 1311 2474 μάλα

271 2464 393 2552 ‹ll-dyona
421 2466 566 2556 ἡμερῶν,
594 2477 653 2534 iarn
681 2474 772 2556 infert
802 2472 840 2540 δὲ
868 2476 1055 2554 particulam,
1092 2481 1195 2538 ceteris
1224 2480 1310 2538 rebus

167 2580 171 2588 ·
272 2556 396 2654 amusiu-
416 2555 476 2617 iarn
505 2555 541 2618 de
572 2559 635 2617 aius
661 2557 791 2620 odronto
819 2561 1010 2634 potissumum
1033 2562 1105 2624 velit
1127 2564 1250 2639 cogitari
1274 2563 1311 2622 ab

89 2711 129 2770 Al
146 2709 256 2777 Wlffl-
272 2637 558 2797 au(hullllllhs'erant
574 2741 650 2796 quae
671 2721 708 2782 de
729 2716 766 2786 aa*
786 2722 927 2798 particula
948 2723 1110 2785 adnotanda
1130 2723 1310 2785 viderentur.

88 2785 255 2902 ωἳέιω·
270 2799 348 2866 Nam
376 2824 451 2878 quae
480 2823 565 2862 ame
588 2813 661 2863 tacta
684 2826 743 2864 nou
765 2815 846 2881 suut,
876 2826 911 2865 ea
930 2805 1017 2867 facile
1037 2807 1074 2866 ad
1096 2809 1190 2890 sinuila
1210 2829 1325 2870 eorum.

186 2880 194 2900 '
270 2905 380 2962 genus,
411 2886 446 2944 de
470 2888 575 2960 quihus
601 2889 777 2962 explicatum
799 2899 862 2963 est,
889 2890 995 2950 referri
1016 2899 1152 2966 possunt,
1174 2890 1213 2948 ‘ut
1233 2891 1310 2950 nihil

268 2971 328 3028 iam
357 2976 466 3027 restare
496 2969 576 3028 aliud
604 2971 755 3045 videatur,
784 2973 844 3030 nisi
871 2980 904 3030 ut
930 2971 1058 3034 dicamus
1089 2973 1125 3032 de
1149 2975 1309 3048 particulae

268 3050 467 3110 collocatione.
513 3049 560 3108 Ea
590 3072 678 3125 quom
709 3057 804 3127 primo
827 3054 892 3113 loco
919 3057 993 3129 poni
1019 3078 1081 3116 nou
1104 3066 1218 3131 posset,
1246 3059 1310 3119 lere

267 3139 336 3206 post
366 3134 490 3206 primaru
517 3137 677 3196 sententiae
702 3157 802 3196 vocem
828 3137 939 3196 illatam
961 3158 1024 3198 esse
1045 3142 1114 3199 satis
1133 3149 1233 3198 uotum
1254 3150 1309 3200 est.

267 3212 331 3273 Sed
355 3222 452 3273 tannen
479 3213 558 3274 haud
585 3238 651 3276 raro
673 3221 791 3279 iuterna
812 3223 1023 3280 sententiarum
1044 3225 1090 3282 vis
1113 3242 1211 3282 securn
1233 3224 1311 3300 tulit,

267 3304 301 3358 ut
328 3296 429 3357 eadem
451 3289 591 3370 particule
616 3302 703 3361 etiam
723 3303 856 3376 pluribus
878 3304 1027 3364 vocabulis
1050 3312 1116 3380 post
1140 3316 1310 3382 poneretur,
1362 3323 1366 3330 ·

267 3378 348 3454 quod
369 3399 508 3440 maxuma
527 3383 571 3442 ihi
594 3382 729 3444 videmus
751 3403 817 3446 esse
837 3386 957 3462 factum,
978 3390 1029 3450 ubi
1052 3407 1127 3462 quaa
1145 3393 1312 3464 praeposita

267 3462 426 3534 particulae
453 3466 543 3526 rerba
571 3474 640 3527 sunt
661 3475 709 3526 eut
730 3470 827 3542 aptius
845 3470 923 3527 iuter
945 3489 978 3530 sa
999 3473 1152 3536 ‚coniuncta
1172 3481 1240 3532 sunt
1260 3480 1311 3533 aut

266 3545 308 3603 ita
329 3549 505 3622 comparata,
526 3555 558 3606 ut
579 3567 722 3610 summum
745 3549 859 3624 pondus
873 3546 914 3610 'in
936 3556 1132 3631 eaxaeuteutia
1147 3556 1310 3616 obtineant.

193 3668 200 3676 .
267 3623 415 3701 Exempla
443 3647 503 3688 nou
531 3631 618 3690 modo
647 3631 724 3707 apud
749 3642 869 3710 poetas,
896 3653 1000 3694 verum
1026 3641 1113 3698 etiarn
1133 3637 1214 3712 apud
1237 3641 1310 3700 aori-

266 3718 367 3784 ptores
388 3713 527 3771 orationis
549 3714 660 3774 adnue
680 3719 810 3776 minume
825 3735 890 3776 rara
901 3727 979 3777 runt.
1009 3716 1094 3780 Vide
1107 3740 1183 3794 quae
1196 3730 1312 3794 praeter

267 3789 440 3850 Erfurdtum
478 3802 508 3854 et
539 3792 577 3856 G.
606 3795 648 3857 Η.
679 3795 868 3858 Schaet'erum
901 3799 937 3860 ad
965 3798 1125 3875 Sophoclis
1154 3805 1223 3864 ora
1251 3823 1309 3880 rap.

266 3893 298 3933 r.
322 3880 395 3935 799.
424 3873 460 3936 Ρ.
482 3875 661 3941 Elmslaiurn
687 3880 723 3940 ad
746 3881 901 3958 Euripidis
924 3886 1055 3946 Bucolica
1077 3904 1106 3945 r.
1132 3887 1203 3944 165.
1233 3884 1311 3959 Pop·

235 3978 237 3994 ·
265 3976 377 4030 ponam
399 3957 435 4018 de
455 3961 565 4022 Elooat.
589 3965 714 4036 l'ltuopd.
735 3965 795 4038 roh
814 3963 841 4024 l.
861 3987 892 4041 p.
914 3972 986 4026 302.
1015 3968 1172 4042 explicavit
1193 3967 1246 4028 It'r.
1267 3965 1310 4028 V.
1330 3997 1334 4002 ·

268 4037 449 4104 Fritzachius
474 4045 507 4102 in
533 4045 800 4118 Quaestr...luctnn.
821 4067 851 4128 p·
874 4053 962 4143 1003,
983 4043 1053 4112 Jtum
1074 4049 1113 4119 L,
1134 4049 1310 4116 Dindurfius

821 1919 873 1975 ιος
886 1921 916 1962 ει
930 1899 1097 1976 τιμᾶσθαι
1114 1919 1189 1971 naa,
1210 1911 1311 1974 qnam·
