2922 4592
277 195 345 278 408
489 199 522 208 .,
691 255 693 261 ι
758 203 846 276 ἐάν.

280 376 440 466 μήκιστον
468 339 757 463 διαρκέσαιὶπρὸς
779 371 839 438 τὸν
865 365 970 438 πόνον
998 367 1056 436 καὶ
1080 352 1341 470 ἐγκαρτερῆσαι

281 467 353 538 τοῖς
374 463 524 537 δεινοῖς,
547 465 601 520 etsi
622 462 664 519 ibi
685 479 802 535 quoque
825 479 900 520 unus
921 458 997 517 liber
1017 453 1188 516 Marcianus
1214 476 1245 518 ει
1267 476 1324 530 pro

282 541 322 629 ἢν
347 549 487 621 scriptum
510 543 645 620 exbibet,
674 544 752 618 quod
778 562 834 616 ego
855 562 913 600 uon
937 543 1062 614 accipio,
1093 540 1235 612 quoniam
1256 559 1324 597 ora·

162 641 165 652 ’
269 633 369 689 tionis
389 629 527 701 obliquae
548 629 622 684 ratio
642 629 712 685 satis
733 634 863 700 apparet.
907 623 1046 698 Denique
1063 625 1151 681 'etiam
1165 625 1199 680 iu·
1209 622 1324 696 libello,

283 734 371 786 qum
393 710 480 784 volgo
504 704 634 768 tribuunt
656 708 805 778 Lucieno,
826 710 879 784 qai
900 716 945 767 est
966 709 1000 764 de
1021 706 1192 780 astrolopiu‚
1223 708 1250 777 5.
1273 711 1324 765 10.

202 835 206 840 ,
283 808 432 869 extrema,
463 793 523 853 vol.
543 791 569 851 l.
587 814 619 867 p.
646 795 717 855 593.
741 793 787 851 ed.
808 790 955 850 Schmicd.
978 788 1077 848 carere
1101 791 1174 847 vitio
1196 787 1324 860 ridetur,

121 935 126 958 Ι
214 907 217 918 ’
282 879 358 953 quod
383 887 426 937 est
447 878 478 935 in
500 877 601 935 libris:
627 865 703 936 Ἢν
724 871 762 938 δὲ
783 869 825 936 τὰ
846 871 931 954 λέγω
955 865 1048 936 αἴτια
1069 865 1194 952 γνοίης,
1222 865 1263 932 σὺ
1287 866 1324 933 δὲ

283 958 339 1023 καὶ
367 956 401 1021 ἑν
432 960 479 1043 τῷ
512 949 642 1042 οὐρανῷ
667 952 782 1038 δέρκεο
811 951 950 1020 ἕκαστον
977 953 1128 1017 τουτέων.
1171 947 1325 1012 Postremo

281 1045 448 1102 conseretur
480 1041 611 1100 ciusdem
640 1039 768 1098 Luciaui
798 1040 953 1115 disputatio
984 1057 1047 1095 τιιιιι
1078 1036 1203 1094 Hesiodo
1235 1039 1261 1108 5.
1289 1041 1323 1096 7.

194 1171 195 1180 ,
282 1123 356 1184 Vol.
379 1125 419 1184 ll.
437 1146 468 1199 p.
492 1128 563 1182 422.
585 1124 632 1183 ed.
652 1121 812 1197 Schmied,
833 1125 866 1181 iu
888 1143 947 1196 quo
968 1119 1048 1194 loco,
1072 1127 1102 1176 ut
1122 1118 1192 1177 libri
1214 1128 1325 1177 testan-

283 1220 347 1284 tur,
371 1210 429 1267 nisi
452 1207 614 1282 ructabit,
636 1227 756 1280 omues,
778 1216 899 1280 utraque
919 1205 1069 1263 coniuncta
1087 1211 1130 1261 est
1147 1204 1323 1260 constructio

283 1295 317 1350 iu
338 1292 434 1351 verbis
455 1290 516 1350 bisc
548 1282 598 1352 Ori
617 1284 683 1371 μὴν
703 1280 776 1352 οὐδ’
807 1285 913 1352 ἐκεῖνο
933 1281 1092 1364 μαντείας
1119 1281 1241 1354 δεῖται,
1277 1277 1324 1360 ὡς

284 1367 324 1476 ἢν
354 1370 399 1457 μὴ
434 1365 588 1474 καλὺψρς
617 1367 660 1433 τὰ
686 1367 864 1470 οιτέρμριτα
891 1366 948 1432 καὶ
973 1361 1137 1465 θεράπων
1157 1362 1325 1465 μακέλλην

167 1453 169 1466 '
285 1453 367 1534 sigor
396 1451 579 1549 ἐπιφοροιο
609 1454 669 1536 τῆς
688 1452 899 1553 γοςκαορτοῖς,
930 1470 1179 1533 καταπτησιται
1200 1446 1241 1513 τὰ
1264 1472 1324 1532 ορ-

284 1559 343 1600 rect
369 1559 425 1598 και
451 1533 708 1617 προκατεδεῖται
730 1557 789 1617 τον
810 1554 947 1598 απασαν
966 1533 1026 1595 τοῦ
1045 1530 1170 1613 θέρους
1188 1527 1324 1596 ἐλπίδα.

161 1587 164 1594 ⁴
195 1627 197 1634 '
285 1621 326 1680 Et
357 1619 429 1678 baec
457 1618 575 1694 quidem
603 1617 739 1678 hactenus
771 1618 808 1676 de
840 1613 896 1680 ἐὰν
927 1615 1066 1691 particula
1098 1636 1161 1672 cum
1191 1618 1325 1689 optativo

285 1705 453 1775 coniuncta,
476 1704 557 1760 cuius
582 1704 626 1759 rei
647 1703 674 1760 si
695 1704 761 1776 quis
783 1701 841 1758 elia
862 1700 998 1773 exempla
1022 1698 1059 1756 de
1072 1699 1242 1772 posterioris
1258 1702 1325 1772 qui-

285 1788 351 1844 dem
383 1785 487 1844 aetatis
518 1785 707 1857 scriptoribus
734 1783 892 1852 desideret,
925 1781 1010 1841 adest
1036 1778 1199 1868 Godofredi
1226 1776 1343 1860 Beru-¹

284 1869 369 1927 lrardi
396 1870 613 1925 annotationem
635 1867 671 1924 ad
694 1865 874 1942 Dionysium
896 1863 1010 1940 Perieg.
1033 1886 1063 1938 p.
1091 1869 1209 1939 seseq.
1225 1873 1261 1924 ‘et
1282 1863 1324 1924 L.

285 1950 475 2010 Dindoriium
498 1952 529 2008 iu
554 1947 595 2008 H.
620 1947 764 2024 Stephani
788 1951 925 2008 'I'lrcsoun
953 1951 1004 2008 Gr.
1028 1949 1095 2022 litrp.
1117 1943 1191 2006 Vol.
1211 1942 1268 2007 Ill.
1292 1969 1324 2022 p.
1378 1993 1382 1997 -

284 2035 315 2094 ’4.
339 2031 372 2094 G.
392 2042 422 2092 at
434 2031 564 2092 conterat
582 2030 715 2107 Geopeu.
736 2031 781 2109 X,
796 2038 848 2105 20,
863 2035 893 2088 4.
936 2023 1082 2093 Κάλλιον
1104 2025 1140 2092 δὲ
1158 2025 1321 2114 ποιήσεις,

286 2109 344 2180 ito
370 2111 509 2181 ἕκαστον
540 2113 647 2196 μῆλον
673 2108 723 2190 εἰς
750 2110 862 2198 φύλλα
885 2106 1012 2192 καρύας
1038 2104 1209 2194 inscisione
1233 2103 1320 2174 ἅπό-

285 2201 376 2260 θοιο.
413 2205 443 2256 et
467 2195 540 2256 ibid.
570 2200 598 2254 5.
636 2192 799 2272 Ψυλάξεις
825 2189 865 2256 τὰ
887 2193 993 2280 μῆλα,
1026 2188 1084 2256 ἐὰν
1106 2228 1143 2251 -r
1167 2185 1320 2258 ἆπόθοιο

284 2275 326 2341 τὰ
346 2277 447 2362 μῆλα.
495 2277 652 2338 Praeterea
670 2280 723 2338 illa
746 2279 899 2352 exempla,
918 2299 993 2351 quae
1013 2279 1091 2337 inira
1114 2280 1147 2337 in
1170 2278 1324 2352 particulis

285 2355 438 2433 incertis,
481 2353 627 2436 ὁπόταν,
668 2357 750 2423 ὅταν
793 2363 829 2421 de
866 2362 973 2420 eodem
1004 2382 1113 2436 genere
1145 2362 1324 2437 niterentur,

193 2482 196 2490 ·
284 2447 403 2520 egregie
438 2444 649 2502 confirmabunt
677 2463 727 2518 ea,
761 2466 835 2519 cquae
866 2444 914 2504 lric
946 2445 982 2503 ‹le
1012 2445 1153 2524 optativo·
1168 2453 1235 2520 post
1264 2439 1324 2508 iis

243 2519 246 2540 ¹
284 2526 453 2602 particulam
473 2527 557 2585 illato
573 2526 793 2602 disputavimus.

115 2595 181 2652 ‘Eds‘
197 2615 251 2649 eum

109 2663 258 2726 iudicatird.

367 2598 533 2684 Aliquanto
554 2609 702 2669 difficilior
717 2624 758 2670 est
774 2612 904 2688 quaestio
920 2610 989 2686 illa,
1020 2613 1116 2670 sintne
1137 2601 1216 2687 ἐάν,
1242 2601 1325 2672 ὅταν

284 2693 451 2764 similesque
474 2693 633 2768 particulae
654 2696 690 2752 ab
712 2697 839 2770 antiquis
859 2704 888 2754 et
912 2696 996 2755 bouis
1021 2695 1210 2768 scriptoribus
1232 2695 1324 2751 etiam

285 2797 350 2836 mm
374 2777 531 2846 indicativo
553 2779 735 2851 compositae.
786 2777 854 2855 Qua
876 2777 913 2836 de
937 2798 971 2837 re
994 2796 1089 2850 nuper
1111 2775 1149 2836 G.
1173 2773 1323 2834 Hermen·
1438 2807 1439 2838 t

285 2867 345 2918 ur·
363 2860 395 2916 iu
415 2860 490 2932 libro
511 2859 545 2917 de
565 2861 706 2934 particulo
728 2852 767 2920 ib
789 2859 813 2922 l.
835 2879 899 2934 cap.
921 2865 952 2929 9.
974 2881 1001 2933 p.
1024 2862 1076 2917 45.
1092 2861 1132 2917 ita
1151 2858 1325 2933 disputarit,

285 2950 318 2998 ut
349 2961 414 2998 cum
443 2942 650 2999 recentioribus
685 2942 802 3015 quidem
838 2943 1027 3017 scriptoribus
1058 2943 1091 2999 iu
1122 2944 1220 3016 iisqne
1244 2945 1324 3016 ipsis

258 3075 261 3081 .
286 3025 478 3098 grammaticis
504 3022 690 3097 frequentem
710 3023 788 3083 lruuc
808 3045 890 3083 usum
911 3027 1114 3099 concessisset,
1147 3045 1206 3100 qua
1229 3025 1266 3084 de
1288 3046 1324 3084 rs

285 3105 349 3162 itte·
368 3105 493 3162 conferri
517 3105 603 3164 iussit
630 3104 766 3166 Bestium
793 3116 822 3165 et
849 3105 1042 3166 Scluaeierum
1059 3109 1092 3164 iu
1116 3111 1258 3182 Epirnstro
1279 3111 1323 3166 ΙΙ.

286 3187 325 3244 url
350 3184 549 3262 Aristoplsoois
570 3188 684 3246 Plutum
712 3210 742 3263 p.
773 3187 1028 3265 xxxvltlsq„
1060 3198 1155 3248 tamen
1190 3189 1322 3263 aliquam

212 3315 219 3322 .
286 3271 349 3327 eins
376 3268 592 3328 consuetudinis
622 3273 764 3345 originem
790 3273 823 3330 in
852 3274 973 3346 antiquo
993 3292 1130 3334 sermone
1156 3283 1324 3346 quaereret.

287 3351 382 3411 »Nou
409 3362 455 3411 est
482 3354 560 3411 euim
582 3353 757 3428 credibile,«
787 3357 899 3430 iuquit,
929 3355 979 3414 'nsi
1001 3356 1074 3414 illud
1098 3354 1243 3414 soloecum
1265 3365 1322 3428 est,

201 3473 209 3477 -
285 3438 381 3494 subito
413 3436 616 3494 soloecismum
652 3435 797 3509 placuisse
831 3437 942 3497 Graece
975 3438 1171 3514 loquentibus.
1226 3435 1323 3498 lmmo

231 3558 235 3562 -
285 3520 358 3576 istae
384 3537 400 3574 n
423 3521 549 3592 genuina
575 3518 677 3594 lingua
696 3522 900 3580 aber-rationes
926 3523 993 3580 iere*
1014 3541 1053 3579 ex
1073 3541 1110 3580 eo
1131 3528 1217 3579 natae
1240 3532 1323 3596 suut,

284 3600 362 3673 quod
383 3601 505 3677 imitari,
525 3620 601 3674 quae
622 3599 697 3675 apud
717 3605 851 3679 antiquos
873 3614 902 3663 ct
923 3605 1014 3662 bonos
1035 3606 1191 3677 scriptores
1211 3608 1323 3678 exqui-

283 3685 382 3765 sitiora
410 3681 593 3757 viderentur,
622 3685 654 3746 in
675 3685 762 3745 leude
781 3688 1001 3746 numerabatur:
1034 3706 1109 3765 qnae
1129 3674 1323 3763 imitationes,

283 3785 371 3840 quom
399 3785 515 3829 caussae
544 3787 594 3824 cnr
622 3766 667 3826 illi
695 3768 854 3842 aliquando
878 3791 895 3828 a
916 3771 1016 3843 regola
1042 3769 1238 3830 declinassent
1258 3791 1322 3832 uon

213 3891 216 3898 .
282 3859 381 3907 essent
403 3854 473 3910 satis
496 3861 678 3924 perspectae,
703 3855 879 3926 saepissume
900 3855 932 3910 iu
947 3853 1052 3911 vitium
1069 3852 1320 3928 degenerarunt<

281 3927 364 3988 Haec
390 3935 437 3990 vir
463 3952 594 3992 susumus
622 3935 792 3994 rectissume
814 3937 987 4010 disputavit,
1010 3957 1195 4010 ,quamquam
1216 3949 1323 4011 postes

201 4077 206 4084 .
252 4047 256 4058 ι
280 4010 357 4070 bunc
377 4033 461 4072 rusum
485 4017 700 4092 augustioribus
720 4019 784 4090 ipse
805 4019 911 4078 fluibus
935 4021 1173 4097 circumscripsit,
1202 4021 1322 4089 uidere
