2916 4590
583 255 681 352 δρα.
761 359 764 366 .
1090 262 1154 336 ῖῖθ

15 503 16 512 ¹
113 422 152 510 δς
181 427 241 510 ἐμὲ
269 427 479 516 προπέμπων
503 425 567 508 ἔξω
589 425 727 508 πόλιος,
754 422 929 514 ἐνεγοῖρισι
955 428 993 498 τδ
1013 429 1152 522 deduce.

115 511 160 592 ὡς
181 513 248 598 ἄρα
269 509 451 597 Μανδάνης
471 507 581 597 τεςεῖη
601 516 684 615 παῖς
704 514 762 604 τῆς
777 507 963 596 Ἀστυάγεα)
982 511 1152 602 θυγατρὸς

111 597 171 662 ’καί
193 591 381 680 Καμβύσεω
402 598 462 660 τοῦ
483 589 597 682 Κύρου
626 619 691 662 uos·
732 597 814 674 Ergo
842 609 960 674 apparet
986 595 1052 686 ἄρα
1076 603 1152 666 illud

112 686 261 758 respicere
290 683 327 740 ed
353 683 443 741 verbe
469 677 525 744 τὸν
553 671 663 744 πάντα
689 674 803 762 λόγον,
832 683 992 758 codemque
1012 685 1099 746 modo
1118 695 1151 748 ut

111 766 253 830 Latinum
271 771 359 843 ipitcrr
379 784 432 824 uos
454 763 491 822 nd
507 783 570 824 rem
591 767 748 824 accuratius
769 767 997 842 cognoscendum
1018 771 1154 848 invitare,

112 861 151 926 ut·
163 841 209 925 ὡς
231 839 296 932 ἄρα
316 847 364 907 hic
385 866 502 924 quoque
522 847 696 920 vertendum
717 851 771 906 rit:
799 869 880 926 quent
893 852 1054 911 admodum
1067 857 1153 930 ῖρίαιι·

112 935 161 1000 ¹vel
186 942 287 992 nostro
315 951 464 991 sermone:
494 934 548 990 tote
569 931 641 990 oleo.
683 929 789 1008 Neque
809 934 842 992 iu
862 930 996 994 Plutonis
1018 937 1153 997 Οοιιοῖνῖο

112 1015 191 1076 Pert.
206 1015 247 1076 ll.
263 1017 322 1076 rol.
337 1013 379 1074 ll.
396 1038 426 1089 p.
443 1019 502 1072 372
514 1035 558 1090 sq.
575 1014 620 1073 ed.
630 1011 777 1090 Belkrp.
791 1019 861 1074 174.
871 999 910 1075 li.
927 1015 974 1076 ed.
991 1015 1033 1078 fl.
1045 1016 1151 1094 Steplr.

103 1095 343 1172 Ἓπσντσίναν,
365 1089 439 1181 ἔφη,
461 1091 516 1160 ίνα
537 1094 593 1160 καί
612 1092 670 1182 τὴν
692 1092 877 1182 παροιμίαν
898 1095 1151 1204 διαφθείρωμεν

80 1203 85 1216 ‘
111 1175 360 1262 μεταβαλόντες,
380 1173 425 1256 αῖς
441 1173 506 1264 ἄρα
526 1175 584 1244 καί
600 1169 737 1262 ἀγαθῶν
751 1177 809 1246 ἐπὶ
823 1179 939 1258 δαῖτας
949 1178 1040 1248 ῖασιν
1052 1175 1151 1248 aici-

111 1287 212 1346 ματοι
233 1257 379 1345 ἀγαθοί,
400 1273 478 1324 recte
500 1265 578 1324 dixit
597 1262 798 1342 Hurtungius,
819 1264 849 1324 id
869 1266 984 1343 iptum,
1006 1267 1085 1342 quod
1104 1270 1151 1328 in·

111 1372 227 1410 versum
254 1358 329 1410 esset
355 1350 559 1428 prouerbium,
590 1350 658 1408 miri
681 1349 794 1424 aliquid
813 1347 933 1410 hebere.
974 1347 1053 1410 Nem
1072 1353 1152 1414 istud

111 1437 178 1495 miri
200 1433 348 1512 quidquid
360 1441 416 1509 est,
438 1440 515 1494 certe
535 1453 595 1494 uon
617 1435 794 1508 exprimitur
812 1433 955 1510 porticulo
974 1424 1052 1517 ἄρα,
1074 1457 1150 1511 quse

111 1517 166 1576 hoc
185 1538 299 1592 quoque
320 1518 383 1577 loco
403 1516 439 1574 ud
459 1517 522 1594 ills,
541 1537 617 1592 quoe
635 1519 694 1576 ium
715 1517 790 1578 dicte
810 1526 885 1593 sunt,
905 1520 947 1576 ita
966 1520 1095 1594 respicit,
1117 1528 1150 1580 ut

110 1601 182 1688 lroc²
211 1601 288 1675 quod
314 1603 374 1660 iam
400 1601 525 1676 dicutur,
552 1609 691 1674 sequetur
718 1622 757 1660 ex
784 1601 1028 1664 antecedentibus.
1071 1601 1150 1664 Natu

111 1707 149 1744 ex
165 1705 211 1759 eo,
234 1685 311 1759 quod
326 1687 505 1742 invertentes
519 1675 797 1762 (μεταβαλόντες)
814 1686 970 1744 utebantur
981 1689 1149 1764 proverbio,

109 1771 281 1843 sequebatur
297 1767 392 1826 istudr
420 1759 465 1838 ὡς
486 1761 543 1826 καί
564 1755 702 1843 ἀγαθῶν
724 1761 780 1828 ε’πί
801 1765 919 1841 δαῖτας
938 1761 1028 1838 ίασιν
1050 1759 1150 1831 οὗτό-

108 1872 212 1924 ματσι
242 1843 380 1930 ἀγαθοί.
422 1849 521 1925 Quom
548 1849 639 1922 igitur
660 1847 692 1905 id
714 1851 835 1922 scriptor
859 1850 980 1908 inferret
1007 1869 1062 1922 per
1081 1870 1149 1924 per-

108 1933 213 1992 ticulas
242 1925 288 2008 ὡς
317 1924 402 2014 ἄρα,
434 1930 560 2006 quodem
583 1927 669 1988 modo
697 1930 815 2006 collegit
841 1928 898 1990 lrcc
926 1950 967 1990 ex
989 1933 1149 2008 prioribus.

107 2015 302 2076 Proverbium
322 2017 401 2074 euim
423 2035 484 2074 non
506 2021 670 2088 corruptum
691 2011 767 2072 hune
787 2013 911 2090 halrebet
931 2017 1121 2076 sententium:

267 2140 424 2217 Αδτδματοι
441 2141 466 2197 δ
486 2139 590 2212 ἀγαθοὶ
607 2144 706 2200 δειῖιῖν
723 2143 769 2199 tut
786 2144 882 2207 δαῖτας
896 2148 991 2216 luder„

111 2290 194 2344 quem
215 2267 252 2328 od
272 2268 389 2328 modom
409 2265 505 2326 adfert
525 2263 581 2336 hoo
600 2261 771 2328 Athenaeus
794 2267 845 2327 lilr.
870 2263 927 2327 IV.
949 2273 1000 2328 27.
1042 2267 1147 2348 Neque

110 2352 271 2413 eiusmodi
293 2353 452 2428 quidquam
473 2349 597 2410 coditio
618 2349 828 2427 Xenophontis
848 2351 943 2412 locum
964 2374 1005 2414 ex
1019 2355 1146 2433 urpedt-

107 2435 180 2496 tiooo
201 2439 265 2510 Curi
290 2437 341 2500 lib.
363 2429 406 2498 V.
434 2455 496 2510 cup.
517 2439 547 2494 7.
570 2439 599 2508 §.
621 2437 650 2494 5.
682 2427 815 2499 Ἀκούειν
840 2432 914 2500 τινὰ
944 2431 1145 2518 διαβάλλειν,

107 2507 134 2580 ὦ
163 2514 293 2602 ἄνδρες,
319 2514 393 2594 ἐμέ,
425 2509 475 2592 ὡς’
498 2513 563 2598 ἐγὼ
589 2513 653 2600 ἄρα
679 2510 892 2600 ἐξαπατήσας
918 2511 1006 2597 ὑμᾶς
1031 2519 1144 2597 μέλλω

107 2595 196 2682 ἄγειν
218 2595 266 2676 είς
285 2603 402 2664 Φᾶσιν.
443 2599 491 2660 lbi
510 2602 591 2658 enim
608 2621 696 2672 quom
717 2602 823 2660 verber
854 2593 899 2673 ὡς
920 2597 1045 2679 ε’γαῖ-
1070 2595 1145 2676 ἐξα-

106 2681 260 2768 πατήσας
286 2677 374 2761 opor
400 2678 511 2760 μέλλω
539 2673 627 2763 ἄγειν
651 2675 700 2756 είς
725 2681 850 2754 Φᾶσιν,
879 2681 956 2740 nihil
979 2686 1146 2742 contineant
1196 2688 1201 2701 '

105 2770 166 2828 nisi
190 2770 415 2841 explicationem
439 2768 524 2826 istius
547 2764 718 2837 calumniae,
740 2765 909 2824 rectissume
929 2785 964 2824 eo
984 2768 1074 2826 verbo
1094 2766 1146 2826 de·

51 2852 53 2856 ’
104 2851 250 2910 ducuntur
281 2869 334 2924 per
366 2848 539 2922 porticulum
575 2839 641 2928 ἄρα
672 2867 712 2904 ex
739 2847 896 2920 prioribus.
944 2845 1042 2908 litium
1068 2849 1146 2924 apud

104 2933 236 3008 Lysiam
264 2940 335 2991 oret.
364 2939 463 3000 contro
483 2933 624 2988 Simonem
650 2933 677 3002 §.
701 2935 751 2988 31.
780 2929 824 2988 ed.
845 2927 946 2993 Belk.
970 2953 1001 3007 p.
1024 2937 1074 2993 99.
1097 2933 1162 2993 erl.x

103 3013 146 3074 Η.
177 3012 281 3090 Steph.
319 3009 388 3077 Καί
421 3007 451 3076 εἷ
479 3008 541 3090 μὲν
569 3003 609 3096 ἦν
638 3007 732 3098 παρὰ
761 3006 867 3098 τούτῳ
894 3009 932 3076 τδ
960 3009 1143 3104 μειράκιον,

19 3107 22 3120 “
104 3089 191 3178 εἶχεν
217 3092 256 3160 ὄιν
282 3117 356 3160 τινα
382 3089 480 3176 λόγον
505 3089 542 3156 τδ
564 3091 697 3180 ’ψεῦδος
717 3089 824 3179 αὐτῷ,
855 3089 901 3172 ὡς
921 3091 976 3184 ἄρ’
1000 3097 1063 3184 ἐγώ
1085 3098 1142 3165 διὰ

102 3177 162 3284 cipe
191 3173 379 3255 ἐπιθυμίαν
400 3171 628 3264 ἠναγκαζόμην
654 3171 872 3262 ἀνοητότερόν
892 3202 925 3243 τι
945 3185 1057 3248 ποιεῖν
1077 3185 1143 3248 τῶν

102 3258 259 3336 ναύταν,
281 3260 348 3348 ἄρα
365 3270 483 3324 revocet
503 3260 539 3320 od
559 3264 757 3324 antecedentis
779 3253 862 3340 εἶχεν
880 3258 1008 3328 ἅντινα
1025 3260 1142 3348 loyor:

102 3351 261 3408 nocentius
288 3349 367 3407 euim
397 3366 471 3422 quoe
492 3347 547 3404 ists
567 3349 700 3406 tutio-sit
724 3347 905 3422 explicetur,
934 3357 967 3405 ut
989 3340 1055 3430 ἄρα
1075 3369 1142 3408 ver-

103 3427 223 3492 tendum
247 3433 284 3490 sit
310 3451 365 3505 per
390 3439 554 3488 nostrorum
568 3431 711 3496 ›udmliclu
756 3429 944 3508 Quemquam
965 3431 1009 3487 ibi
1029 3434 1142 3504 optumi

101 3517 170 3576 libri
192 3513 366 3591 perticulam
383 3531 444 3569 nou
462 3510 572 3570 habeut
593 3516 720 3571 omniuo.
763 3509 804 3570 Et
824 3512 865 3568 sio
884 3509 921 3568 de
932 3510 1054 3587 reliquis
1069 3513 1140 3576 locis
1221 3562 1224 3571 .

101 3598 238 3660 omnibns
259 3593 441 3660 statuendum
462 3594 526 3651 erit.
903 3595 910 3611 ’

188 3677 257 3766 Γὰρ
280 3675 345 3766 ἄρα
371 3686 468 3736 eutem
496 3671 597 3732 eodem
621 3675 708 3735 ruodo
735 3676 939 3753 explicandum
960 3687 1019 3755 est,
1047 3680 1140 3739 veluti

63 3763 71 3781 ‘
101 3765 184 3842 quod
207 3765 314 3840 legitur
335 3761 412 3838 epod
433 3759 588 3820 Plutonem
607 3759 659 3818 lib.
681 3761 714 3818 de
734 3763 896 3838 republica
916 3759 958 3821 ll.
979 3761 1059 3820 Part.
1082 3758 1139 3821 ΠΙ.

101 3851 164 3912 vol.
201 3844 227 3908 l.
263 3871 294 3924 p.
326 3850 376 3906 59.
414 3843 460 3906 ed.
500 3839 598 3900 Bekk.
635 3862 666 3915 p.
700 3843 772 3899 358.
804 3840 838 3900 G.
876 3843 923 3901 ed.
959 3841 1001 3899 H.
1033 3841 1138 3916 Steplr.

100 3926 270 4016 Δεύτερον
296 3926 332 3994 δὲ
361 3921 464 4012 [ioci]
491 3919 545 3988 ὅτι
573 3917 695 3997 πάντες
722 3915 801 3984 αδτδ
832 3917 1139 4005 σῖ-ἕπιτιγδεύοντες

101 4009 248 4089 ἄκοντες·
263 4007 511 4094 ἐπιτηδεύουσιν
532 4002 585 4086 ,ὡς
612 3999 790 4096 Ιοἰναγιιαῖσν
816 3996 969 4090 ἀλλὀὐχ
991 3999 1036 4084 ὡς
1056 3999 1138 4092 dya-

100 4093 206 4182 oto„
224 4090 333 4182 τρίτον
365 4091 401 4160 δὲ
433 4091 486 4163 ὅτι
518 4083 654 4170 οἰκότως
685 4083 765 4156 clod
798 4087 923 4180 δρῶσι·
955 4085 1042 4157 nuto
1073 4087 1135 4178 γὰρ
