2916 4590
606 256 702 354 iipn·
788 293 794 304 t
1025 315 1031 322 .
1108 261 1176 332 iii

133 431 215 494 ieteal
229 423 309 520 ’ἄρα
334 436 430 510 ipsura
452 451 570 510 quoque
597 435 681 496 nobie
704 435 738 496 in
760 435 929 496 mentoriena
952 435 1071 496 moue
1089 453 1174 511 pree·

133 527 247 578 sautem
272 537 370 578 rerum
395 525 518 594 etatum,
550 521 584 578 in
613 540 672 594 qno
695 520 855 579 immenm
880 519 932 580 illc
952 521 1037 582 rine‘
1052 517 1098 578 die
1118 522 1173 580 in·

132 599 304 662 mortalibus
324 604 465 661 excitatus
486 603 532 662 ait.
1002 605 1005 612 '

87 703 93 710 ’
133 709 136 718 ·
196 683 275 744 ἨΒ
295 685 367 744 locis
389 685 541 762 explicatio
562 685 650 744 facile
670 691 793 760 apparet
814 679 882 768 ἄρα
898 685 1088 762 particulam,
1108 688 1173 746 eive

129 768 247 844 integra
261 768 356 827 foi-ma
366 771 429 828 aive
447 769 599 828 ‹linninutin
612 759 656 852 ἂρ
669 777 698 826 et
710 762 755 852 ῥὰ
765 769 884 840 dicatur,
904 777 1012 830 certum
1029 769 1173 844 qnandiu

130 870 229 910 rerum
246 851 388 910 ordinem
416 858 504 926 atque
530 852 639 912 eonem
660 850 806 927 inficere,
833 871 893 926 qna
917 853 1031 928 aliquid
1055 871 1097 914 ex
1114 851 1173 912 alio

59 991 64 995 .
129 934 195 1010 fiat,
215 936 337 993 nonita
358 935 488 1011 quidem,
506 942 539 994 ut
558 933 683 994 alterum
703 934 850 996 extitero
866 939 1030 998 uecmerio
1042 936 1174 1010 eveniat,

130 1017 184 1077 aed
210 1025 307 1077 tamen
333 1027 366 1076 nt
390 1036 490 1079 musea
519 1017 641 1079 alteriue
668 1021 713 1078 rei
738 1037 777 1077 ex
804 1017 897 1078 altera
924 1039 959 1080 ra
983 1020 1069 1096 quani
1095 1021 1173 1080 eerie

131 1099 253 1174 quatiam
279 1109 308 1160 et
337 1103 413 1160 iusto
440 1101 543 1161 ordine
563 1101 773 1176 peteudacaee
795 1099 937 1162 videatur.
978 1099 1080 1164 Prima
1098 1099 1170 1162 heac

130 1185 213 1242 verbi
235 1187 282 1244 ria
308 1203 341 1264 ac
360 1193 504 1260 polentae,
531 1205 608 1258 quac
630 1186 720 1244 variis
741 1185 891 1260 particulie
915 1193 965 1244 aut
984 1183 1101 1246 Latinio
1119 1193 1169 1244 ent

129 1269 216 1325 eiiam
236 1270 343 1328 nostrie
363 1268 512 1343 redditur,
535 1277 580 1326 eet
599 1271 686 1328 etiam
705 1271 740 1326 in
759 1267 926 1328 Atticorum
946 1288 1082 1329 sermone
1102 1289 1169 1326 con-

127 1353 240 1427 epicua,
259 1353 296 1411 ab
319 1351 480 1426 eadamqua
498 1351 713 1428 eig'uiticetiona
730 1354 817 1412 etiarn
835 1351 977 1427 particula
998 1341 1076 1435 ipo,
1093 1369 1169 1428 qnae

126 1435 218 1493 multo
234 1438 344 1496 maiore
365 1438 398 1496 vi
418 1435 504 1495 effert
523 1436 773 1495 ratiocinationem
794 1437 890 1511 iatam,
910 1453 986 1512 qnae
1004 1437 1168 1496 munnam

125 1518 268 1592 particula
287 1513 363 1603 ἄρα,
383 1519 512 1593 proiecta
533 1527 595 1595 cat,
609 1539 684 1594 queo
704 1517 859 1580 adhibetur
877 1523 1068 1595 potieanmnm
1083 1521 1116 1576 in
1130 1537 1167 1578 ea

124 1589 359 1678 ratiocinatione,
379 1605 412 1660 iu
433 1623 491 1678 qna
503 1605 694 1678 interrogatio
705 1609 735 1662 at
746 1599 1046 1664 exclamatio'nitn'tnr.
1077 1579 1167 1662 linale

124 1685 266 1758 particula
288 1675 356 1768 ἆρα
375 1689 485 1760 accepit
506 1689 592 1744 etiam
613 1690 701 1746 iatam
720 1689 782 1746 aim
801 1688 1053 1762 interrogativum,
1077 1705 1165 1760 vem

123 1769 188 1827 iere
217 1771 251 1828 in
276 1767 441 1848 Atticorum
472 1789 606 1828 rannone
631 1771 763 1828 obtinere
791 1771 875 1828 eolet.
925 1767 1111 1848 Quamquam
1140 1769 1166 1828 ei

30 1883 38 1898 x
123 1853 222 1929 ipeam
243 1852 399 1927 particulae
420 1853 546 1910 radicem
566 1858 740 1925 spectamus,
761 1854 847 1912 etiam
866 1850 916 1909 lrio
935 1853 1167 1924 primameipni-
1254 1907 1261 1916 ,

122 1934 294 1994 ficationem
317 1938 389 1995 ‘eiua
420 1935 589 1995 vocie'non
616 1953 771 2008 poeeumua
798 1955 858 1994 noa
889 1947 1055 2009 agnoscere.
1106 1929 1168 1992 S'ed

122 2037 213 2092 quom
242 2008 310 2101 ἄρα
336 2019 432 2078 iarios
454 2020 601 2093 exprimat
621 2007 682 2078 rim
706 2018 954 2097 ratiocinationis,
980 2006 1049 2100 ἆρα
1070 2023 1171 2078 antem

122 2103 244 2177 'gravius
266 2101 389 2160 canalem
411 2110 521 2177 urgeat,
542 2101 722 2175 factumest,
744 2110 775 2159 at
795 2095 861 2182 ἄρα
883 2102 1007 2176 primum
1020 2101 1166 2174 ineliqne

123 2185 324 2244 enuntiatione
346 2186 440 2244 locum
463 2187 595 2246 obtinere
615 2205 675 2242 nou
698 2187 808 2258 poenit,
834 2173 900 2268 ripa
922 2186 1018 2258 petius
1037 2185 1164 2257 primum

122 2270 343 2354 enuntiationis,
363 2269 459 2328 iocum
489 2270 547 2329 eibi
575 2275 665 2342 optet.
715 2264 900 2327 Similluurne
926 2287 995 2326 neae
1025 2276 1070 2328 art
1090 2267 1164 2342 'par-

124 2353 225 2412 ticulae
247 2357 350 2429 lytlan,
380 2365 455 2429 quae
480 2371 569 2428 quemn
589 2355 622 2410 in
646 2349 723 2411 culto
746 2363 883 2412 normano
904 2348 1013 2410 Latino
1035 2349 1164 2425 plernma

126 2455 182 2509 quc
202 2435 326 2495 eccunalo
338 2446 388 2495 aut
401 2437 487 2496 tertio
501 2437 565 2494 loeo
579 2443 715 2511 ponatur,
735 2443 832 2494 tamen
846 2427 898 2493 ubi
912 2433 1024 2494 maiore
1037 2433 1163 2508 qudam

123 2521 155 2577 vi
174 2520 304 2594 praedita
324 2527 380 2596 eet,
401 2522 487 2579 etiam
507 2523 603 2594 primo
621 2520 686 2577 loeo
707 2519 826 2594 ponitur
846 2517 926 2592 apul
944 2525 1078 2592 optumos
1099 2516 1163 2576 La·

122 2604 244 2662 tinitotie
268 2611 416 2679 auctores,
442 2603 536 2663 veluti
560 2601 606 2660 M.
628 2601 763 2676 Tulliae,
793 2603 845 2675 qui
872 2601 944 2680 i‘cra·¹
960 2599 1087 2660 necundo
1112 2607 1163 2657 aut

121 2689 206 2745 tertio
227 2686 291 2745 loco
312 2689 397 2760 pouit
417 2685 588 2760 particulam
608 2689 704 2760 ipilnr,
726 2683 802 2742 dixit
824 2692 921 2742 tamen
941 2684 1109 2741 rectissume
1129 2685 1162 2742 ia

121 2771 294 2827 Tusculanis
314 2768 550 2844 dieputotiouibas
571 2769 620 2824 lib.
639 2766 665 2823 1.
686 2785 749 2838 cap.
768 2771 798 2824 2.
820 2769 849 2836 θ.
867 2767 897 2823 4.
924 2767 1015 2840 ipitee
1036 2773 1062 2822 et
1081 2767 1162 2840 Epo-

118 2852 273 2910 mioonaios
292 2856 421 2926 princepe
440 2869 501 2908 meo
521 2849 625 2907 iudicio
648 2851 783 2906 erocum
801 2846 904 2920 ficlilne
924 2847 1070 2922 praeclare
1089 2852 1162 2904 cccl-

118 2939 198 2992 pisec
225 2933 328 2991 (licitam
356 2941 422 3003 etc,
450 2933 592 3006 'qnoniam
619 2933 652 2990 iu
677 2929 726 2990 irie
754 2931 851 3008 rer-bis
877 2929 939 2989 volt
969 2927 1074 2989 efferre
1101 2932 1162 2990 vim

117 3015 282 3092 particulae
305 3016 508 3092 cocolariam,
531 3020 560 3074 ot
582 3015 613 3075 id
634 3016 720 3074 etiam
741 3015 808 3076 aliia
830 3014 902 3072 locis
919 3013 997 3072 iecit.

203 3096 256 3159 Sic
274 3101 365 3175 igitur
383 3101 524 3175 particula
544 3090 619 3185 ἄρα,
639 3107 670 3158 ut
688 3097 723 3158 te
737 3097 792 3158 hac
805 3098 902 3158 forma
915 3100 1042 3173 primum
1054 3094 1158 3170 dicam,

116 3186 230 3259 accepit
245 3185 304 3243 rim
320 3203 353 3256 ac
369 3184 610 3260 significationem
623 3183 745 3260 leuioris
758 3182 905 3242 cuiusdam
917 3181 1157 3250 ratiocinationie,

117 3261 194 3342 quac
212 3265 322 3326 iudicat
342 3268 438 3348 rebus,
450 3271 491 3327 ita
510 3269 681 3342 comparatis
698 3265 811 3341 aliquid
824 3269 864 3325 ita
878 3273 929 3324 aut
939 3283 1003 3324 esee
1016 3269 1065 3322 aut
1080 3262 1156 3318 fieri.

117 3351 167 3410 Ac
201 3353 228 3410 ai
261 3353 308 3409 nai
333 3359 400 3410 eunt
425 3349 533 3411 Graeci
555 3353 592 3410 'iu
621 3351 854 3410 conclusionibue
883 3353 970 3408 e'tia'm
997 3345 1158 3420 aptioribus
1263 3367 1266 3374 ·

116 3438 173 3494 ieta
194 3433 363 3509 particula,
382 3443 505 3494 externe
527 3433 645 3506 quidem
666 3435 806 3493 orationis
826 3434 922 3490 forma
943 3450 1004 3486 uon
1025 3437 1090 3510 tam¹
1105 3424 1158 3480 atl-

116 3520 215 3580 atricia
235 3516 381 3577 'conclusio
403 3526 464 3589 eat,
485 3517 577 3574 relati
597 3518 630 3574 in
651 3518 705 3574 illo
729 3515 884 3588 exemplo,
907 3507 1158 3587 quod'uaurpavit

117 3605 178 3662 iam
197 3599 358 3672 Davariue,
375 3617 414 3656 ex
436 3596 560 3653 Luciaui
581 3602 646 3654 loon
661 3597 794 3670 tropooalo
815 3601 844 3668 §.
858 3597 907 3655 51.
939 3585 980 3655 Ei
1002 3584 1068 3655 εἶσὶ
1086 3594 1154 3672 βω-

115 3677 185 3762 μοί,
207 3677 274 3746 ἐἶσὶ
296 3677 351 3744 καὶ
371 3673 466 3742 θεοί·
489 3669 575 3738 ἀλλὰ
595 3673 659 3761 μὴν
680 3671 746 3741 εἶσὶ
765 3675 882 3757 βωμοί,
906 3670 989 3740 εἰσὶν
1010 3667 1075 3758 ἄρα
1098 3669 1155 3733 uui

115 3760 205 3829 θεοί.
246 3763 419 3840 Eademque
449 3759 623 3836 significatio
648 3763 679 3819 in
706 3764 810 3819 octaris
832 3780 950 3836 qnoque
969 3759 1042 3815 looie
1066 3755 1153 3811 facile

116 3852 301 3924 agnoafflur,
328 3857 360 3906 ut
389 3846 425 3905 de
452 3845 507 3903 hac
531 3863 564 3900 re
590 3840 667 3901 nihil
691 3843 814 3915 amplius
843 3837 995 3902 ‹licefflum'
1008 3855 1087 3896 aesc·
1107 3839 1151 3896 ai·

115 3932 254 4007 aleretur,
287 3932 347 3990 uisi
380 3933 468 3990 etiam
501 3926 550 3986 hic
581 3927 688 3998 turbae,
711 3925 828 3984 iecmeet
860 3922 1064 3996 Burungum,
1100 3924 1152 3993 qut

67 4075 71 4084 ,
116 4017 247 4090 aliquam
269 4017 353 4088 quusi
373 4016 557 4073 mirationem
579 4011 634 4068 iata
654 4007 796 4084 particula
811 4009 857 4067 ait
879 4006 1052 4082 eigniiioari,
1076 4021 1151 4078 qnae

114 4097 189 4159 milri
222 4101 318 4175 potina
349 4117 483 4161 reuocare
517 4115 570 4157 noa
605 4114 622 4153 a
654 4092 809 4154 miratione
840 4091 974 4166 vitietur,
1005 4090 1074 4154 dum
1104 4091 1148 4148 iu·
