2902 4586
283 269 332 340 so
740 261 871 349 asca
904 269 908 278 ·
941 227 986 248 ’“
1080 271 1081 278 ‘

202 502 204 506 .
285 439 503 524 mquidem
522 435 951 522 oppositioit's'rtgstticsttiac
974 444 1086 519 aliquid
1106 443 1255 522 ademit,
1283 448 1325 508 iti

277 532 511 607 ‘oonimguntun
522 536 555 588 ut
567 524 604 611 pt
616 531 703 588 istam
714 547 787 606 min,
802 547 890 604 wem
902 527 1059 590 introducit
1073 517 1160 592 <itte
1170 532 1326 607 particula,
1349 587 1354 590 .

283 618 380 692 magis
399 617 488 676 etiam
503 613 621 688 ecferat,
643 612 735 674 veluti
746 615 781 672 in
796 613 848 672 illo
860 611 1071 674 Demosthenis
1085 613 1165 672 locor
1189 606 1248 678 ἐὰν
1266 603 1324 678 cir

284 693 372 764 ἀλλὰ
391 698 447 762 νῦν
467 687 494 779 γ’
519 688 569 760 ἔτι
590 685 835 778 ἀπαλλαγέντες
855 689 981 762 τούτων
1000 696 1066 760 τῶν
1081 691 1180 768 ἐθῶν,
1202 693 1285 762 tect
1298 691 1325 748 ‘-

284 803 363 865 unte
379 773 632 866 στρατεύεσθαι,
654 779 691 838 de
710 801 769 856 quo
789 779 921 844 diximus·
939 799 1028 856 supra
1048 779 1135 854 adp.
1158 785 1189 840 6.
1230 720 1323 861 Modo

282 886 322 925 ne
343 867 409 942 quis
430 867 586 926 existumet
603 883 691 940 posse
710 867 750 924 sic
770 866 858 924 etiam
876 866 963 924 metri
984 884 1086 924 caussa
1098 862 1151 924 has
1164 864 1323 939 particulas

186 943 194 952 ’
283 949 451 1026 transponi,
482 955 515 1008 ut
545 942 583 1030 pi
611 947 763 1024 praecedat
793 938 880 1012 ἀλλὰ
909 939 1078 1024 particulae.
1130 943 1209 1008 Nam
1236 967 1324 1022 quem

281 1031 419 1092 adierunt
448 1030 601 1110 Sophoclis
631 1031 728 1094 locum
757 1052 797 1093 ex
826 1033 942 1093 Electra
967 1051 995 1094 v.
1023 1038 1096 1092 411.
1128 1029 1175 1092 ed.
1205 1027 1323 1094 Bruuk.

282 1137 313 1180 r.
340 1121 413 1178 403.
440 1115 487 1177 ed.
517 1111 622 1175 Herm.
1398 1131 1401 1142 ·

462 1235 499 1300 'st
516 1248 580 1302 dccl
595 1247 727 1322 πατρῷοι,
745 1247 919 1317 συγγένεσθέ
934 1245 959 1320 γ’
980 1245 1049 1303 ἀλλὰ
1067 1249 1139 1313 νῦν,

281 1373 323 1433 ihi
346 1365 382 1454 ys*
402 1369 543 1446 particula
563 1372 693 1445 pertinet
713 1368 751 1428 ad
771 1371 892 1430 verbum
916 1368 1132 1454 συγγένεσθε,
1152 1376 1182 1430 et
1200 1365 1256 1428 hoc
1277 1367 1322 1428 di-

282 1459 375 1536 citur:
402 1453 443 1514 Si
465 1452 571 1512 nihil
591 1450 695 1512 alind
714 1453 889 1530 faciatis,
911 1462 1016 1515 certe
1037 1453 1187 1530 adeste,
1217 1451 1322 1512 deinde

279 1537 392 1599 aceedit
406 1539 546 1614 temporis
563 1535 753 1614 significatio:
784 1529 869 1598 ἀλλὰ
890 1537 963 1613 νῖν,
984 1540 1017 1598 si
1039 1559 1110 1597 non
1131 1538 1209 1596 alio
1232 1544 1321 1596 tem·

280 1643 390 1699 pore,
413 1630 449 1681 at
470 1642 566 1680 nune
587 1621 740 1695 saltem,
761 1619 798 1679 ad
820 1643 896 1695 quae
913 1623 1003 1682 rerba
1021 1622 1081 1680 iarn
1101 1642 1155 1698 per
1174 1641 1236 1681 sese
1252 1641 1321 1696 par·

281 1709 372 1766 ticula
392 1701 429 1786 γὲ
450 1704 527 1776 nihil
542 1708 681 1781 pertinet,
702 1725 763 1762 non
780 1707 873 1781 magis
888 1725 976 1781 quam
987 1705 1020 1764 in
1035 1707 1180 1781 Antipera
1192 1727 1222 1764 v.
1236 1705 1321 1780 775,

257 1812 259 1817 ’
281 1793 309 1852 si
322 1791 447 1866 legitur:
469 1781 629 1870 γνώσεται
646 1789 724 1868 γοῦν
737 1778 1024 1872 ἀλλὰ-τηνικαῦτά,
1045 1787 1119 1846 illud
1132 1788 1220 1890 poia,
1242 1788 1321 1862 quod

280 1875 458 1934 adverbum
478 1881 597 1948 spectat,
616 1871 842 1932 consociandum
861 1879 907 1933 est
928 1893 992 1954 cum
1010 1874 1108 1932 verbio
1129 1865 1214 1934 αλλὰ
1231 1893 1321 1952 τηνι-

281 1958 400 2020 καῦτα.
449 1953 587 2016 Getarum
618 1958 698 2015 istis.
718 1956 868 2030 particulis
900 1947 986 2018 ἀλλὰ
1014 1991 1053 2000 -
1081 1949 1118 2034 γὲ
1146 1954 1321 2014 adiiciuntur

280 2043 369 2101 etiem
397 2041 529 2115 reliquae
560 2039 736 2114 particulae,
768 2060 843 2113 quae
870 2040 937 2100 aliis
965 2040 997 2097 in
1020 2039 1093 2100 locis
1114 2034 1236 2118 compsi
1255 2058 1321 2114 par·

280 2125 371 2184 ticule
397 2127 628 2200 coniunguntur,
660 2123 752 2184 veluti
780 2117 833 2184 τοὶ
861 2124 1018 2198 particula,
1049 2131 1081 2182 ut
1106 2124 1139 2182 in
1165 2119 1320 2197 Sophoclis
1395 2114 1399 2123 ’

279 2210 426 2285 Antipera
449 2229 480 2268 r.
510 2209 601 2266 1051.
632 2207 756 2280 legiturc
779 2195 880 2267 'All’
911 2194 947 2268 εὖ
971 2201 1008 2287 γέ
1033 2226 1087 2269 τοι
1109 2198 1260 2278 κάτισθι,
1291 2214 1321 2265 et

273 2287 410 2397 μέντοι,
439 2293 482 2350 uti
509 2293 552 2350 in*
570 2289 701 2350 eiusdem
727 2287 883 2364 Sophoclis
909 2291 998 2348 Aiace
1023 2311 1053 2350 r.
1078 2294 1169 2349 1349.
1198 2289 1319 2349 dicitur:

187 2411 189 2416 ¹
273 2365 363 2442 Aii'
387 2363 424 2440 εὗ
444 2395 481 2458 γε
502 2369 613 2454 μέντοι
633 2363 719 2437 τοῦτ’
739 2367 910 2446 ἐπίστασο,
932 2374 1035 2448 quibus
1049 2376 1082 2434 iu
1094 2374 1166 2432 locis
1182 2375 1321 2446 quoniam

177 2534 179 2538 .
279 2477 381 2518 omnes
401 2455 459 2517 hae
479 2459 636 2532 particulae
655 2477 739 2518 suam
759 2458 820 2516 vim
839 2467 1012 2535 servarunt,
1040 2477 1142 2517 earum
1164 2455 1321 2532 explicatio

278 2541 392 2602 nullam
411 2540 529 2602 habebit
549 2541 755 2602 difficultatem.

119 2636 201 2694 ’Διὰ
218 2634 261 2709 δή,
364 2623 522 2703 Sequitur,
543 2634 575 2684 ut
596 2627 723 2685 dicamus
745 2624 781 2683 da
800 2623 949 2698 particulis
972 2608 1057 2687 citii
1079 2613 1131 2706 δή,
1153 2643 1228 2699 qnae
1249 2643 1319 2700 par·

278 2709 400 2785 tieulae,
428 2711 485 2770 etsi
503 2717 626 2785 utraque
646 2729 729 2770 suam
749 2718 847 2769 serrat
867 2709 944 2784 vim,
966 2709 992 2768 si
1014 2707 1130 2783 quando
1151 2710 1320 2786 coniugatus

277 2795 425 2871 leguntur,
447 2802 545 2852 tamen
565 2791 631 2853 ideo
651 2791 709 2853 huc
729 2792 876 2854 vocandae
897 2800 976 2865 sunt,
998 2790 1076 2866 quod
1093 2813 1182 2866 quom
1201 2795 1318 2868 saepius

176 2893 184 2911 ‘
278 2879 525 2954 coniungerentur
544 2877 614 2937 illae
634 2877 767 2952 voculae,
786 2876 996 2937 consuetudine
1013 2876 1127 2936 dicendi
1140 2878 1248 2935 factum
1262 2883 1319 2953 est,

277 2968 311 3022 ut
329 2964 410 3036 ipsae
430 2983 548 3038 quoque
568 2983 657 3020 unam
675 2963 760 3036 quasi
782 2961 933 3020 notionem
953 2962 1119 3033 exprimere
1139 2957 1318 3020 viderentur.

278 3043 466 3125 Quamquam
494 3049 528 3105 in
556 3046 628 3107 loeis
657 3043 707 3105 his
739 3045 874 3102 omnihus
900 3043 987 3102 facile
1013 3045 1138 3116 primam
1165 3045 1319 3117 utriusque

276 3129 437 3204 particulae
466 3131 527 3189 rim
558 3131 751 3207 agnoscimus.
792 3123 839 3184 Ac
867 3125 903 3184 de
930 3126 1072 3200 particula
1093 3117 1178 3187 ἀλλὰ
1200 3124 1319 3201 quidem

276 3215 349 3275 satis
379 3222 425 3274 est
452 3211 575 3273 dictum:
602 3211 677 3272 illud
704 3218 818 3283 autem,
846 3207 926 3283 quod
946 3214 1052 3280 restat‚·
1080 3203 1120 3290 dr}
1142 3229 1203 3266 non
1223 3219 1319 3283 potest

275 3295 396 3356 dubium
421 3317 486 3358 esse
514 3299 587 3372 quin
612 3303 767 3370 cognatum
791 3296 828 3352 sit
849 3290 1009 3366 particulae
1037 3282 1117 3374 ἤδη,
1147 3313 1207 3366 qua
1227 3292 1264 3351 de
1284 3313 1318 3354 re

276 3381 357 3440 infra
383 3380 495 3440 dicetur
522 3379 559 3438 ad
573 3387 618 3453 'p.
645 3384 696 3438 63.
737 3373 832 3450 quue
860 3374 1009 3450 significat
1027 3375 1091 3433 fere
1112 3375 1207 3451 idem,
1238 3377 1318 3452 quod

276 3458 454 3526 Latinorum
481 3469 557 3533 ioco,
588 3470 752 3520 nostrorum
773 3460 868 3518 seleon.
910 3455 946 3518 Si
968 3460 1059 3535 igitur
1080 3448 1165 3521 cilici
1187 3455 1224 3523 d*
1249 3481 1317 3536 par·

277 3547 436 3606 ticulae'in
457 3567 517 3606 uno
538 3548 688 3605 enuntiate
709 3543 941 3618 coniunguntur,
968 3541 1025 3602 hoe
1044 3543 1107 3603 sere
1128 3545 1317 3621 significatur,

277 3629 392 3689 aliam
413 3650 476 3688 rem
497 3631 566 3688 iam
586 3629 623 3688 ad
643 3627 736 3703 illud,
764 3625 843 3702 quod
864 3634 931 3685 anta
953 3626 1060 3686 dietum
1082 3637 1142 3701 est,
1172 3629 1318 3706 accedere,

276 3717 318 3774 ite
338 3723 371 3771 ut
392 3711 466 3771 illud
486 3717 556 3788 icoc,
577 3711 655 3786 quod
675 3720 792 3788 praeter
815 3711 1031 3786 oppositionem
1049 3712 1167 3786 accedit,
1187 3711 1244 3775 hnc
1265 3733 1318 3772 ex-

276 3800 393 3873 primat,
415 3816 475 3855 non
495 3798 637 3871 temporis
658 3816 755 3872 neque
775 3795 863 3856 ullius
882 3816 981 3855 merae
1001 3801 1049 3854 aut
1067 3797 1236 3856 cessationis
1254 3817 1317 3855 mo-

275 3890 425 3955 mentum,
457 3880 535 3956 quod
563 3873 726 3956 exspectari
751 3881 895 3957 potuerit,
924 3882 1003 3939 inter
1026 3881 1112 3937 istam
1133 3899 1211 3956 rem,
1241 3901 1318 3956 quae

276 3973 497 4024 commemorata
514 3971 600 4024 autea
617 3973 673 4040 est,
693 3971 781 4040 atque
792 3963 879 4038 hanc,
901 3962 937 4024 de
955 3964 1089 4038 quaiam
1101 3960 1214 4038 dicitur,
1228 3965 1318 4023 inter-

185 4041 191 4058 *
275 4047 403 4124 positum
423 4041 504 4110 esse:
530 4051 620 4108 immo
640 4067 703 4110 rem
722 4050 819 4126 istam,
839 4047 876 4106 de
899 4067 958 4121 qua
978 4047 1091 4121 dicitur,
1112 4067 1152 4106 ex
1171 4050 1318 4107 actionum

276 4133 353 4193 serie
380 4135 441 4196 iarn
469 4135 517 4212 agi
543 4142 674 4212 coeptam
702 4132 776 4194 esse.
828 4129 911 4192 Haec
938 4139 1035 4193 autem
1061 4137 1124 4194 sine
1150 4131 1210 4192 ulla
1235 4153 1318 4192 mora
