2916 4590
178 306 180 314 ν
291 257 355 332 ill
525 219 553 270 -’
783 252 847 327 iio.

291 436 443 516 sperabam
462 435 517 496 sibi
535 437 598 511 fors
617 435 725 510 fucare,
751 433 839 512 ροοδ,
865 436 893 493 si
912 436 955 492 its
974 449 1021 492 res
1039 389 1144 508 fumat,
1167 433 1331 507 causum,

168 584 177 592 „
291 525 315 582 i.
334 541 362 580 e.
383 517 478 594 qnod,
499 529 532 579 ut
554 539 600 578 res
619 520 728 592 serrat,
750 519 912 592 euenisset,
935 524 968 576 ut
989 517 1121 594 vellent,
1145 519 1252 584 omissa
1275 521 1332 578 ista

291 605 434 681 particula
455 595 509 675 ito,
539 609 662 662 eventus
683 608 794 659 tantum
815 599 902 659 modo
923 608 985 675 pcr'
998 621 1030 660 se
1050 608 1215 677 spectatur,
1242 610 1331 676 atqua

208 753 212 762 ,
292 709 328 748 co
349 686 393 762 fit,
412 695 444 744 ut
465 693 527 745 tum
546 685 689 760 particula
712 692 764 743 aut
783 703 843 744 vox
863 669 1080 760 condicicnslis,
1104 677 1135 746 εἰ
1155 685 1206 744 vel
1224 673 1264 759 δς
1283 687 1332 748 vel

292 773 350 830 tale
378 768 449 843 quid
474 773 568 846 magis
595 776 750 844 urgeatur,
781 788 840 843 qua
860 767 897 826 sle
918 787 950 828 re
973 788 1062 842 quam
1082 764 1121 826 G.
1142 765 1331 828 Hermanuus

280 854 313 914 .l.
334 855 356 912 l.
386 855 436 912 lib.
457 851 497 912 ll.
522 874 585 928 cap.
605 859 636 912 7.
659 875 688 928 p.
709 855 749 911 95
771 872 837 926 sqq.
865 853 1011 928 copiosius
1033 851 1241 928 explicaverit,
1269 873 1331 912 uon

290 947 336 999 est
355 936 432 1012 quod
453 937 615 1012 quidquam
633 934 682 995 hic
702 935 846 995 adiiciam.
979 975 986 984 ι

341 1023 344 1030 ’
374 1018 452 1078 111ιιδ
474 1029 571 1081 sutem
592 1020 669 1096 quod
689 1017 836 1078 Devarius
857 1040 889 1093 p.
908 1024 948 1078 33
965 1037 1012 1091 sq.
1034 1018 1171 1091 exposuit
1193 1015 1230 1077 dc
1249 1025 1331 1092 opta·

285 1107 351 1165 tiso
375 1105 409 1170 iu
429 1101 516 1164 huius
537 1103 617 1162 modi
635 1103 894 1177 enuntiationibus,
916 1101 948 1160 id
970 1101 1092 1161 debebat
1112 1100 1149 1160 asl
1169 1103 1331 1161 orationem
1358 1175 1368 1186 .

203 1196 218 1216 '
291 1189 440 1262 obliquam
466 1207 610 1247 revocare.
651 1185 728 1247 Nam
751 1206 841 1261 quom
863 1188 895 1243 in
917 1193 995 1244 recta
1017 1187 1148 1244 oratione
1170 1184 1330 1244 ‹licereturs

291 1265 429 1336 ἐπειδὰν
448 1264 587 1347 τάχιστα
608 1260 690 1354 ἀνὴρ
714 1258 801 1332 εἶναι
822 1265 1028 1353 δοκιμασθῇ,
1057 1268 1089 1328 iu
1106 1269 1276 1328 rectissume
1298 1271 1339 1328 in'

183 1359 190 1366 '
291 1356 422 1413 orations
451 1354 571 1427 obliqua
599 1355 641 1412 sic
668 1355 765 1427 posuit
787 1350 1001 1412 Demosthenes
1032 1351 1080 1410 Aa
1105 1354 1218 1412 Ductor.
1244 1356 1272 1426 §.
1299 1357 1330 1413 s.

290 1437 337 1499 ed.
369 1435 465 1498 Bekk.
494 1459 526 1511 p.
554 1438 627 1496 865.
654 1435 701 1495 ed.
729 1433 834 1496 Re'isk.
875 1428 956 1497 ὥστ’
980 1429 1017 1497 ἐκ
1044 1434 1109 1496 τιῦν
1136 1432 1330 1516 γιγνομένων

291 1512 353 1584 οῦκ
380 1510 451 1582 tirs'
475 1515 568 1593 ὅστις
589 1511 648 1597 οὐχ
675 1511 780 1600 ‘ysico
802 1518 868 1580 τῶν
888 1509 1025 1579 εἰδότων
1048 1512 1140 1622 δίκρν
1160 1539 1203 1597 με
1223 1515 1331 1600 λήψο-

291 1605 377 1666 σθαι
403 1594 488 1686 παρ’
512 1594 633 1675 αῦτιῦν,
663 1542 801 1666 incedis
821 1593 958 1679 τάχιστα
979 1590 1063 1682 ἀνὴρ
1085 1613 1169 1665 ἐιναι
1192 1599 1331 1676 δοκιμα-

291 1680 430 1768 uiolato,
451 1684 565 1760 quade
586 1704 620 1744 re
640 1686 836 1762 conferantur,
858 1704 933 1758 quse
954 1686 1173 1744 accuratissume
1193 1685 1331 1757 exposuit

291 1767 329 1829 G.
356 1767 544 1828 Hermannus
573 1770 595 1828 1.
622 1767 644 1829 l.
673 1769 726 1832 lib.
755 1767 811 1828 Ill.
839 1789 902 1842 cap.
928 1770 959 1825 4.
980 1767 1019 1842 ρ.
1034 1770 1095 1827 147
1117 1789 1182 1843 sqq.
1225 1764 1276 1827 Sic
1296 1769 1331 1826 in

222 1855 227 1860 '
289 1854 341 1912 illc
367 1854 429 1912 loco
452 1851 679 1928 Demosthenis,
709 1871 768 1927 quo
796 1873 866 1912 usus
896 1859 941 1912 est
962 1850 1108 1912 Devarius
1132 1873 1163 1926 p.
1189 1857 1258 1927 33„
1290 1869 1332 1912 ex

290 1940 422 1999 oratione
444 1938 588 1997 Adversus
608 1937 769 2012 Philippum
791 1939 875 1996 tertia
896 1940 925 2009 §.
949 1937 999 1996 45.
1021 1934 1070 1994 ed.
1092 1933 1191 1996 Bekk.
1211 1955 1242 2008 p.
1259 1941 1331 1994 122.

290 2020 337 2080 ed.
364 2018 484 2084 Reisk.-
502 2027 580 2078 recte
608 2018 728 2093 quidem
757 2019 813 2078 dici
844 2021 954 2093 potuit:
988 2010 1159 2095 Ἐκόλαζον
1186 2009 1218 2080 δ’
1242 2011 1332 2081 οὕτω

291 2091 348 2166 καὶ
368 2096 588 2186 ἐτιμωροῦντο
607 2090 666 2177 οῦς
682 2093 722 2164 δν
741 2095 915 2165 αἴσθοιντο
935 2097 1218 2184 δωροδοκοῦντας,
1244 2095 1331 2164 ὥστε

290 2180 347 2248 καὶ
369 2183 524 2268 στηλίτας
543 2186 676 2270 ποιοῖτο,
697 2192 731 2243 nt
750 2185 782 2244 id
802 2193 880 2246 essct
899 2187 931 2244 iu
949 2186 1080 2244 oratioue
1096 2192 1185 2260 recta,
1205 2183 1261 2244 hoc
1275 2182 1331 2260 est,

290 2271 316 2328 si
337 2290 397 2328 nou
422 2290 463 2328 ex
481 2275 578 2328 mente
601 2289 720 2345 eorum,
741 2271 797 2344 qui
817 2276 981 2329 coercerent
1005 2265 1227 2344 et'poenirent,
1253 2267 1331 2328 δίοο·Ι

289 2360 380 2429 retur,
405 2341 463 2426 σδς
485 2343 525 2414 iio
543 2343 731 2414 αἴσθωνται
749 2350 1028 2432 δωροδοκοῦντας,
1048 2359 1137 2428 atque
1151 2355 1193 2411 ita
1207 2350 1331 2411 habetur

288 2438 321 2500 iu
350 2436 498 2494 nonnullis
519 2433 655 2494 Belleri
681 2433 907 2510 librislilris„
936 2435 987 2494 ssd
1012 2457 1101 2510 quom
1122 2436 1231 2510 reliqui
1247 2435 1330 2512 libri,

289 2522 322 2579 in
336 2521 441 2594 quibus
455 2521 542 2578 etiam
556 2525 689 2593 optumus
705 2517 799 2579 Paris.
812 2517 857 2591 Σ,
875 2517 1049 2580 exhibeauts
1071 2508 1131 2594 οῦς
1144 2509 1331 2595 αἴσθοιντο,

289 2605 394 2663 omissa
417 2594 457 2666 iio
476 2603 628 2681 particula,
650 2603 683 2662 ia
701 2611 780 2663 recte
801 2611 889 2676 atque
910 2601 1011 2662 ordina
1031 2601 1068 2662 ab
1088 2600 1173 2661 Imm.
1188 2597 1330 2662 Bellero

287 2694 437 2762 receptum
459 2688 600 2761 arbitror,
622 2694 653 2745 ut
673 2695 751 2748 esset
773 2688 805 2745 in
826 2688 957 2746 oratione
977 2694 1071 2745 recta:
1102 2675 1161 2760 σδς
1179 2673 1329 2774 ᾔσθοντο

289 2769 568 2852 δωροδοκοῦντας.
601 2768 733 2829 Platonis
748 2777 843 2830 sutem
854 2770 906 2830 ille
919 2771 997 2830 locus
1010 2770 1046 2829 de
1063 2769 1195 2830 Convicio
1208 2790 1239 2843 p.
1255 2773 1330 2830 209.

287 2854 335 2914 ed.
349 2853 390 2914 Η.
404 2851 519 2930 Steph,
542 2874 632 2928 quem
651 2875 740 2932 porrc
763 2862 967 2914 commemorat
980 2852 1128 2928 Davarins
1147 2853 1274 2928 pertinet
1292 2850 1331 2910 acl

286 2938 355 2999 illos
383 2937 478 3013 locos,
508 2938 544 2996 de
572 2939 678 3012 quibus
704 2936 890 2996 Hermauuus
917 2935 1120 3012 explicavit'l.
1147 2937 1168 2994 l.
1193 2936 1246 2996 lib.
1270 2927 1328 2994 111.

190 3048 194 3052 ·
288 3040 352 3094 cap.
376 3027 427 3077 11.
448 3042 479 3094 p.
503 3026 561 3078 171
584 3041 650 3094 sqq.
693 3019 879 3099 Quamquam
901 3021 1047 3079 interdum
1073 3017 1191 3079 difficile
1214 3027 1260 3080 est
1283 3023 1330 3079 iu-

287 3101 400 3176 dicatu,
421 3102 458 3160 ad
479 3101 625 3176 quoduam
644 3123 738 3179 genus
759 3103 868 3162 referas
887 3101 939 3162 hos
960 3103 1056 3179 locos,
1082 3102 1160 3179 quod
1180 3123 1218 3162 ne
1239 3102 1329 3164 collo·

288 3187 402 3248 catione
427 3185 546 3260 quidem
573 3187 729 3259 particulae
754 3177 795 3248 iio
814 3187 913 3246 multis
933 3188 966 3246 iu
988 3187 1059 3248 locis
1081 3186 1241 3262 quidquam
1257 3209 1328 3262 pro·

287 3268 420 3328 liciatum
447 3269 485 3326 ci.
507 3288 582 3342 quae
603 3268 679 3328 dixit
700 3268 884 3330 Hermannus
904 3292 933 3344 p.
952 3275 1022 3330 174.
1064 3268 1101 3328 lu
1118 3269 1328 3334 Demosthenis

287 3371 362 3414 sero
383 3353 457 3426 loco,
478 3372 536 3425 quc
557 3372 625 3412 usus
646 3360 691 3413 ast
709 3351 857 3414 Daumius
876 3352 991 3429 deiude,
1012 3357 1056 3412 Da
1074 3353 1185 3414 Gerana
1206 3359 1234 3428 9.
1254 3361 1327 3414 313.

198 3455 202 3458 ·
288 3435 335 3495 ed.
359 3433 459 3496 Beki.
481 3458 511 3512 p.
533 3441 594 3496 329
617 3442 749 3496 extrema
770 3437 816 3496 etl.
835 3435 941 3498 Reislr.
970 3459 1048 3496 nunc
1076 3458 1116 3496 ex
1137 3438 1225 3497 libris
1243 3440 1328 3497 bonis

288 3518 377 3580 edidit
408 3517 492 3578 imm.
518 3516 692 3580 Bckkerus:
726 3516 761 3600 ἒν
775 3514 872 3584 κτίσιν.
893 3509 1011 3584 abach
1032 3514 1163 3595 νεανίας
1184 3516 1240 3584 καὶ
1261 3541 1328 3624 πρ-

287 3596 363 3664 νίκα
385 3594 540 3683 λαμπρός
547 3625 558 3677 ,·
587 3594 672 3686 ἡνίκ’
697 3593 738 3665 tto
759 3595 867 3667 εἰπεῖν
887 3596 971 3666 κατὰ
991 3596 1116 3666 τούτων
1136 3624 1169 3666 τι
1190 3599 1264 3688 δέῃ.
1294 3626 1328 3668 εν

287 3676 419 3757 τούτοις
443 3678 789 3786 λαμπροφωνότατος,
814 3678 1115 3768 μνηιιονικῶτατοςὲ
1143 3678 1330 3771 ὑποκριτὴς

288 3754 439 3848 ῦριστος,
461 3787 617 3848 τραγικσς
633 3763 833 3851 Θεοκρίνης.
853 3771 943 3843 idque
963 3789 1077 3829 summo
1096 3772 1170 3830 iure.
1214 3768 1328 3849 Qunam·

288 3869 377 3923 quam
397 3869 436 3908 ue
456 3850 530 3908 illud
552 3851 668 3926 quidem
684 3852 793 3912 falsum
808 3863 861 3926 est,
883 3851 962 3926 qued
976 3850 1124 3911 Devarius
1137 3853 1208 3911 clim
1224 3852 1328 3913 adtulit

286 3939 373 4007 atque
394 3935 480 3994 etiam
504 3935 572 3998 libri
592 3933 752 3997 Frustra.
764 3934 1034 4010 ‘apudBakkerum
1053 3933 1210 3996 exhibent:
1233 3927 1323 4016 ἡνίκ’

287 4006 327 4078 iic
348 4008 456 4081 εἰπεῖν
478 4013 560 4080 κατὰ
582 4011 706 4081 τούτοιν
725 4040 759 4081 τι
781 4015 872 4090 dioc,
892 4027 923 4076 ut
942 4017 973 4076 id
985 4018 1099 4096 *dictum
1119 4022 1155 4079 sit
1167 4040 1222 4093 pro
1238 4009 1321 4101 ἡνίκ’

287 4089 328 4162 tio
357 4093 431 4183 δέῃ,
462 4118 502 4158 cx
528 4109 624 4160 mente
648 4103 726 4180 eius,
755 4104 807 4178 qui
829 4101 895 4160 talis
917 4100 1011 4190 rideri
1036 4101 1106 4164 solt.
1149 4100 1327 4164 Domiuatur

1259 4411 1277 4444 ἱ

1387 1800 1391 1804 -
