2922 4592
497 237 932 344 '‘ou‘'
1120 253 1213 352 aaa·

150 429 240 488 ticum
267 425 338 486 sane
361 426 477 488 videtur
498 443 537 484 ex
562 418 603 510 δὴ
632 431 731 484 uatum
757 443 839 498 ease,
866 441 930 484 euru
950 430 983 484 ln
1005 425 1184 502 pronomini-

150 512 206 572 bus
233 521 295 569 tom
324 513 350 570 si
377 508 504 588 quando*
520 509 692 584 motionem,
725 525 811 583 quae·
825 507 858 566 fit
878 510 910 566 iu
931 510 1058 584 aliquem
1076 510 1186 580 locoru,

149 595 299 669 designat,
323 594 416 654 ueluti
442 581 572 655 οἶκόνδε
600 591 720 666 dicitur,
748 589 826 663 quod
852 599 884 649 ut
905 601 1002 649 ertnur
1026 611 1067 650 ex
1091 584 1185 656 οἶκόν

150 675 192 758 dq
217 687 346 752 putetur,
373 677 502 750 aliquam
527 676 592 735 reri
616 673 834 734 similiurdiuern
860 671 998 734 adierunt
1021 673 1119 757 δεῦρο
1141 672 1182 759 δὴ

148 770 178 820 et
198 780 274 836 quac
292 769 361 819 suut
381 760 503 832 similia,
522 757 590 818 ride
610 777 686 833 quae
707 776 797 832 snpra
809 777 840 832 p.
855 762 919 816 380
939 777 986 832 aq·
1007 765 1038 816 ut
1057 777 1087 832 p.
1111 761 1184 818 891.

146 841 184 902 de
204 863 241 904 aa
265 842 559 919 rewtpaifimvimus.

228 955 290 1018 Sed
313 959 413 1018 missis
438 955 487 1018 bis
512 955 680 1032 ambagibus
705 956 766 1014 iam
793 953 830 1015 ad
853 977 938 1016 usum
964 958 1063 1032 ipsum
1087 961 1118 1018 el
1147 955 1185 1018 ad
1200 961 1243 1033 Δὴ
1259 965 1364 1020 iurau-

145 1041 284 1118 exempla
303 1043 466 1124 veniamus.
508 1037 557 1101 Aa
581 1042 704 1116 primum
728 1039 846 1114 quidem
866 1043 986 1115 proprie
1008 1041 1111 1101 dicitur
1130 1035 1181 1126 δή,
1233 1050 1306 1102 1³⁰2·-

146 1124 225 1199 quod
253 1132 346 1184 ortum
374 1134 418 1186 eat
446 1143 486 1184 ex
513 1113 594 1206 ἤδη,
634 1125 828 1199 incomputis
853 1124 1081 1200 significatione,
1119 1127 1181 1185 sire

145 1207 182 1266 de
207 1225 254 1283 re,
287 1229 361 1283 quae
385 1207 471 1268 modu
495 1205 529 1265 fit
555 1215 602 1265 aut
633 1205 746 1282 pridem
762 1199 857 1266 'sacta
886 1216 947 1281 eut,
982 1210 1044 1268 sire
1069 1206 1106 1268 de
1133 1200 1188 1284 ea,

76 1289 89 1304 “
144 1312 221 1366 quae
243 1312 313 1350 mcx
338 1291 437 1350 futura
462 1298 506 1350 est
530 1291 590 1366 sic,
620 1299 652 1348 ut
677 1297 716 1352 ‘eo
747 1290 867 1364 quidem
897 1292 984 1351 nobis
1010 1293 1070 1350 iam
1096 1292 1181 1366 quasi

144 1383 288 1433 transacta
319 1395 383 1436 ease
411 1373 553 1436 rideatur.
615 1370 718 1448 ltaque
752 1369 793 1458 δὴ
826 1374 913 1448 plane
943 1373 1021 1434 idem
1053 1375 1181 1448 denotat,

144 1456 224 1532 qnod
248 1457 336 1533 plena
360 1458 518 1533 particulae
550 1456 645 1516 forma
676 1447 757 1540 ἤδη,
788 1458 848 1516 nisi
875 1458 953 1532 quod
981 1459 1034 1516 illa
1064 1477 1180 1532 semper

144 1560 251 1614 perse
276 1550 400 1617 constat,
427 1539 513 1616 baec,
539 1548 571 1599 nt
595 1538 741 1616 diximus,
764 1536 927 1610 etiam’bac
948 1541 1068 1622 propria
1089 1543 1180 1614 signi·

144 1623 283 1681 ficatiooe
301 1643 353 1681 sua
369 1644 487 1699 prorsus
502 1623 664 1697 applicetur
684 1621 721 1680 ad
740 1641 841 1681 vocem
858 1623 1088 1696 praecedentem.
1113 1623 1181 1683 Hoc
1254 1663 1260 1686 t

144 1715 240 1764 tamen
268 1727 330 1764 nou
356 1708 397 1764 ita
419 1705 524 1764 dictum
544 1707 715 1765 existumari
733 1707 816 1779 volo,
847 1707 931 1782 quasi
952 1709 983 1764 lu
1005 1709 1180 1782 ipsa'parti-

142 1789 208 1848 cola
231 1785 270 1874 dt}
300 1799 376 1848 certa
399 1788 539 1864 quaedam
560 1790 699 1862 temporis
727 1787 900 1862 significatio
921 1789 1006 1870 insit,
1027 1790 1077 1862 qui
1100 1811 1181 1849 error
1212 1777 1217 1787 ¹

142 1875 299 1932 multorum
321 1893 354 1931 ac
374 1892 452 1948 pene
474 1872 603 1931 omnium
624 1872 874 1946 grammaticorum
901 1877 953 1930 est.
995 1869 1073 1930 Nam
1093 1875 1180 1929 etiam

142 1959 168 2015 ai
198 1949 257 2039 δή,
282 1958 353 2029 quie
375 1954 520 2032 significat
541 1954 578 2012 de
601 1973 634 2012 ea
657 1975 706 2029 re,
731 1974 819 2026 quam
844 1953 988 2028 dicamus,
1016 1956 1074 2012 ianr
1098 1955 1180 2028 qnasi

140 2039 216 2098 sacto
244 2048 390 2116 constare,
418 2040 595 2112 saepissume
622 2035 660 2096 ad
687 2045 798 2110 tempus
828 2039 985 2094 accuratius
1013 2036 1180 2096 describen-

140 2121 209 2182 dum
223 2130 387 2197 usurpatur,
408 2130 505 2180 tamen
526 2120 609 2180 nulla
622 2122 684 2178 eius
705 2119 782 2178 modi
804 2119 978 2194 significatio
998 2123 1027 2179 ei
1041 2123 1105 2179 voci
1127 2119 1178 2178 ad·

139 2199 304 2281 haerescit,
319 2204 371 2266 aed
394 2203 470 2265 nibil
491 2204 547 2264 nisi
570 2204 712 2278 quaedam
733 2201 894 2262 adb‘rrnutio
915 2223 932 2260 e
954 2223 1050 2261 rerum
1070 2215 1178 2263 eventu

139 2291 230 2363 petita
250 2291 326 2348 inest
354 2292 386 2346 in
407 2308 493 2361 voce,
529 2307 587 2364 qna
608 2286 643 2345 de
664 2307 697 2345 re
727 2287 873 2362 copiosius
902 2285 1010 2346 dicetur
1038 2274 1117 2348 iufra
1144 2290 1178 2346 iu

139 2372 229 2431 altera
253 2372 411 2448 particulae
431 2373 524 2432 sortus
543 2363 617 2456 ἥδη.
828 2377 830 2384 ’
987 2389 989 2396 ’

222 2503 311 2564 Hunc
330 2525 415 2565 usum
428 2502 666 2580 particulae-vix-
677 2521 752 2578 opus
769 2508 814 2567 est
834 2503 980 2577 exemplis
1008 2501 1179 2566 confirmari
1245 2523 1250 2535 ’

141 2595 191 2645 aut
221 2585 343 2646 docendi
373 2608 474 2649 canusa
505 2588 698 2666 discriminari
733 2588 764 2644 iu
791 2585 907 2644 diversa
930 2605 1055 2661 genera,
1089 2597 1179 2659 quous

139 2671 243 2730 cadem
271 2691 386 2749 semper
413 2673 446 2729 iu
471 2670 605 2729 omnious
629 2668 702 2728 locis
734 2668 892 2740 particulae
920 2663 1096 2742 significatio
1128 2670 1178 2728 sit.

137 2753 284 2829 Namque,
305 2764 338 2810 ut
360 2753 527 2828 exemplum
607 2771 666 2825 am,
687 2750 715 2810 si
731 2753 763 2808 iu
783 2747 994 2824 Xenophontis
1015 2751 1179 2826 Dmoiplinu
1235 2791 1243 2798 -

141 2839 207 2910 Gyri
237 2838 289 2895 lib.
317 2835 373 2896 ΙΙΙ.
406 2857 470 2910 cap.
504 2841 534 2893 3.
550 2772 606 2905 Ψ
622 2837 675 2896 24.
713 2833 760 2890 ed.
796 2830 891 2892 Zeuu.
924 2831 997 2892 haec
1023 2833 1176 2907 legunturr
1290 2899 1295 2906 .

132 2912 250 2982 Ἡνίκα
268 2915 306 2983 δὲ
330 2913 528 3001 προσιόντες
550 2913 699 2997 ἐλέγοντο
724 2906 835 2978 οὐκέτι
857 2911 924 2992 δέχ’
948 2907 1081 3014 ἡμερῶν
1096 2907 1177 2978 ὁδὸν

137 2993 289 3080 ἀπέχειν,
316 2995 391 3064 τότε
413 2998 453 3086 δὴ
477 2993 495 3062 ὁ
519 3001 631 3079 Κῦρος
649 2996 755 3077 λέγει·
778 2987 819 3056 Ὦ
841 2995 1016 3079 Κυαξαρη,
1038 2993 1111 3080 ὥρα
1133 2994 1174 3082 δὴ

136 3081 324 3160 ἐξαπαντᾶν
352 3079 408 3146 καὶ
433 3075 516 3166 μήτε
544 3085 615 3156 τοῖς
643 3074 818 3159 πολεμίοις
851 3077 961 3144 δοκεῖν
991 3101 1015 3160 μ
1029 3074 1076 3144 ’τε
1103 3085 1177 3156 τοῖς
1234 3111 1246 3124 ν

135 3159 309 3252 ἡμετέροις
331 3162 560 3250 φοβουμένους
578 3158 623 3243 μὴ
646 3157 894 3246 ἀντιπροοτέναι
914 3156 990 3239 uzi,
1012 3105 1101 3224 boile
1122 3173 1174 3240 a'p·

135 3261 218 3327 paret
238 3271 324 3330 quem
344 3251 380 3309 ad
401 3250 517 3308 modum
538 3249 693 3324 utrobique
715 3247 827 3306 dicatur
848 3248 992 3322 particule
1013 3242 1069 3332 δή,
1098 3267 1174 3324 quae

52 3345 60 3362 ·
135 3337 232 3411 priore
256 3336 319 3393 loco
346 3332 382 3391 ad
406 3333 573 3392 adverbium
600 3333 751 3406 temporis,
784 3331 876 3389 altero
906 3330 943 3388 ad
970 3351 1077 3388 nomeu
1104 3333 1173 3390 aub-

135 3421 291 3477 stantirum
313 3417 454 3492 applicata
474 3424 525 3477 est.
569 3413 653 3473 Prius
670 3416 748 3472 enim
767 3415 827 3470 iuna
842 3415 960 3486 respicit
974 3412 1010 3470 ad
1025 3431 1076 3486 ea,
1097 3431 1172 3486 quae

72 3541 76 3548 -
134 3507 189 3576 per
204 3501 354 3560 relativam
372 3497 541 3573 particulam
555 3489 652 3579 ἡνίκα
666 3503 829 3569 ponuntur,
849 3499 909 3552 iuna
925 3495 1061 3568 alterum,
1083 3487 1173 3567 quoru¹
1242 3502 1245 3507 '

135 3587 278 3644 sententia
301 3603 356 3658 per
378 3601 413 3656 se
438 3588 562 3653 constet,
596 3579 631 3636 ad
655 3580 824 3636 uniuersum
850 3595 947 3634 rerum
965 3586 1085 3653 statum,
1119 3580 1172 3651 qui

7 3673 17 3688 ⁶
134 3677 196 3726 erat
217 3675 293 3742 tum,
322 3685 387 3724 cum
408 3661 505 3739 Cyrus
526 3662 709 3736 loquebatur,
738 3659 923 3717 referendum
945 3668 997 3718 est.
1039 3658 1099 3720 Sed
1120 3680 1171 3721 eu·

134 3749 201 3810 dam
221 3763 316 3809 tamen
337 3757 380 3809 est
395 3747 547 3820 utriumque
564 3743 721 3818 particulae
739 3742 802 3815 ris,
823 3743 850 3801 ui
866 3753 1168 3818 campersespectes.
1244 3797 1266 3820 q.
1299 3797 1302 3803 ,
1342 3777 1345 3782 -

134 3833 184 3892 Sic
204 3836 292 3892 etiam
310 3835 343 3892 iu
368 3830 497 3889 Platonis
518 3829 666 3886 Plroedouc
689 3823 770 3884 Part.
787 3822 828 3883 ll.
852 3827 909 3885 vol.
932 3824 987 3884 ΙΙΙ.
1011 3848 1042 3900 p.
1071 3832 1099 3884 9.
1122 3823 1167 3885 ed.

130 3911 231 3976 Belli.
265 3938 295 3992 p.
322 3911 428 3975 60.‘·G.
455 3912 503 3972 sd.
530 3909 569 3973 ll.
597 3907 701 3984 steph.
747 3899 878 3992 ’Ὠσπερ
908 3897 965 3971 οὖν
993 3902 1048 3970 καὶ
1077 3899 1168 3993 αὐτῷ

133 3994 208 4076 ἐμοὶ
237 3993 359 4067 ἔοικεν,
379 3987 509 4096 ’ἐπειδὴ
538 3987 606 4058 ὑπὸ
632 3993 692 4056 τοῦ
720 3989 843 4070 δεσμοῦ
873 3981 912 4075 ἦν
938 3988 973 4055 ἐν
991 3993 1036 4078 τῷ
1057 3990 1173 4055 σκέλει

40 4087 43 4095 ’
134 4075 297 4168 πρότερον
318 4077 356 4146 τὸ
377 4071 543 4162 ἄλγοινον,
567 4072 658 4162 ἥκειν
674 4072 715 4163 dr}
736 4068 888 4162 φαίνεται
911 4070 1167 4142 ἐπακολουθοῦν
