2900 4584
429 220 504 306 qd,
528 219 702 304 ydros,
728 224 846 306 γοῦν,
884 223 887 234 ’
1094 229 1164 298 m

117 398 154 456 in
182 388 307 470 simplici
335 389 463 468 quidem
469 360 678 452 adfirmatione
704 411 764 452 non
787 394 911 469 amplius
933 396 1067 459 videbam
1088 405 1161 476 putri

52 514 60 519 -
120 480 208 543 illud
220 474 272 560 γέ,
295 477 344 536 ιιι
364 481 473 534 tantum
494 477 611 534 modo
602 498 633 535 ιιι
656 476 857 537 adfirmatione
877 500 926 554 ea,
948 503 1006 555 qua
1026 485 1158 557 pluribus

121 566 283 638 propositis
296 563 387 620 rebus
396 560 431 619 de
444 580 500 618 uua
516 564 707 633 potissumum
722 561 948 638 adseveraretur,
966 572 1158 630 contentionis

77 647 84 654 ’
123 649 186 706 vim
208 649 344 704 maiorem
368 647 400 701 iu
424 644 565 717 particula
585 643 637 700 illa
658 662 722 703 esse
739 646 876 704 intellexi
900 669 986 722 quam
1007 650 1158 711 adsevera-

125 732 223 803 tionis,
235 739 276 788 ιι
293 732 385 803 prima
405 729 466 796 illa,
489 747 576 801 quam
594 730 766 804 statuissem,
788 732 870 804 origo
891 752 924 788 ac
944 741 1071 806 potestas
1091 754 1158 808 par·

126 814 227 871 ticulae
254 833 290 894 γε
317 811 391 868 milri
415 811 510 868 locum
537 810 643 868 habere
663 833 751 884 posse
773 834 833 870 uon
854 813 1012 875 videretur.
1053 816 1159 892 Neque
1234 879 1238 888 ,

122 899 200 955 euim
213 893 297 954 recte
318 896 509 954 existumaret
531 897 595 952 me'a
617 894 737 967 'quidem
758 897 912 971 sententia,
935 901 962 956 si
983 901 1063 973 quis
1070 903 1160 961 vellet

95 980 249 1053 ,exempli
277 981 385 1054 gratia:
418 976 539 1050 [solerie
566 997 602 1056 γε
630 973 751 1058 λέγεις,
778 1001 839 1038 nou
862 981 948 1040 aliter
971 985 1159 1086 interpretari

119 1083 153 1120 ac
173 1061 332 1137 simplicem
353 1063 492 1134 aliquam
504 1060 753 1134 adfirmatiouem,
766 1064 860 1137 qualis
881 1075 973 1124 essetr
993 1056 1040 1127 H
1048 1067 1159 1143 καλῶς

119 1142 245 1247 λέγεις.
278 1143 319 1204 Γ
302 1167 319 1208 e
339 1147 418 1203 euim
439 1164 554 1218 semper
575 1144 703 1216 aliquam
715 1145 805 1205 ecfert
818 1167 879 1205 rem
892 1159 921 1206 et
934 1171 992 1207 non
1007 1150 1157 1212 adseverat

117 1231 175 1287 nisi
195 1249 249 1304 per
268 1231 493 1301 contentionem,
516 1235 548 1284 ut
570 1225 674 1284 milri
663 1231 733 1303 rani,
755 1250 830 1302 quae
851 1234 973 1304 posita'
965 1254 995 1290 ru
1017 1235 1157 1307 particule

116 1333 154 1392 ye
181 1320 226 1371 est
256 1313 452 1387 adseveratio,
481 1331 516 1370 ea
546 1331 586 1369 ax
612 1315 798 1394 contentione
819 1316 916 1387 potius
938 1317 1067 1388 proiecta
1090 1337 1156 1378 esse

114 1395 259 1470 videatur,
283 1417 371 1470 quam
391 1397 500 1470 contra,
519 1385 665 1453 contentio
689 1416 729 1454 ex
750 1396 975 1458 adseveratione.

63 1539 67 1557 Ι
119 1513 123 1518 -
154 1523 157 1530 r
200 1479 289 1556 Quod
315 1501 403 1554 quom
423 1482 463 1538 ita
483 1478 640 1538 rehabere
660 1477 891 1556 intellexissem,
918 1484 1005 1540 aliam
1027 1485 1086 1541 iam
1107 1501 1154 1544 ιι-

116 1563 226 1622 tionem
246 1564 445 1637 explicandae
472 1564 551 1622 illius
577 1563 735 1634 particulae
760 1563 1058 1667 circumspiciendum
1065 1575 1154 1641 atque
1258 1565 1263 1576 '

44 1687 51 1701 2
113 1647 315 1722 inquirendam
343 1648 454 1720 putavi.
495 1643 539 1704 lta
566 1648 673 1704 factum
695 1653 760 1720 est,
786 1656 819 1704 ut
847 1669 934 1722 quom
960 1652 1022 1709 vim
1049 1652 1154 1730 ipsam,

115 1751 202 1804 quatu
226 1730 368 1806 particula
389 1724 444 1809 γε’,
469 1731 648 1802 ubicunque
659 1730 841 1804 legeretur,
852 1731 926 1790 milri
944 1731 1053 1790 habere
1073 1737 1154 1792 side-

113 1824 215 1890 retur,
255 1814 504 1911 considerarem,
530 1832 563 1870 ea
599 1813 739 1884 particula
776 1816 935 1888 antiquitus
966 1813 1044 1873 nihil
1073 1813 1154 1874 aliud

42 1914 45 1922 ·
111 1899 204 1957 luisse
221 1895 370 1956 videretur
391 1897 449 1954 uisi
468 1896 588 1968 antiqua
609 1894 749 1968 quaedam
768 1899 933 1972 imperativi
957 1899 1065 1971 forma,
1091 1902 1154 1958 sire

113 1983 195 2041 ducta
217 1981 271 2038 illa
292 2001 310 2038 a
331 1979 442 2038 verbo
438 1999 489 2053 eo,
511 1977 588 2052 quod
604 1981 668 2036 cu‘m
683 1979 735 2036 Γ
710 1975 811 2053 ΕΩ
802 2000 822 2037 ι.
835 2001 860 2037 e.
875 1977 983 2078 ΕΛΩ,
1001 1995 1154 2055 cognatum

108 2061 204 2139 esset,
225 2073 274 2122 aut
296 2063 384 2122 etiam
407 2063 460 2136 per
480 2061 622 2135 acccopau
642 2062 718 2120 iacta
738 2082 777 2120 ex
798 2053 928 2120 verbo''
907 2085 980 2154 crya,
1003 2085 1077 2138 quae
1097 2065 1153 2126 hoo

111 2145 301 2224 potissumum
323 2156 434 2220 agerat
446 2147 477 2202 iu
498 2144 544 2202 his
565 2145 647 2219 locis,
671 2147 730 2202 ut'
719 2165 752 2203 ιιι
772 2141 921 2220 aliqua
892 2167 972 2222 voce,
994 2151 1151 2220 quaesere

91 2235 348 2306 ¹exciperetura
331 2229 527 2304 aparticula
550 2225 625 2307 γέ,
643 2229 791 2286 adtentum
821 2229 954 2288 redderet
979 2234 1151 2310 auditorem,

111 2316 238 2389 ideoque
259 2317 329 2373 vim
362 2315 425 2371 eids
458 2313 536 2370 vocis
568 2319 691 2370 acueret.
712 2311 851 2390 erom
882 2325 975 2372 autem
1010 2323 1043 2373 ea
1077 2337 1150 2392 vox,

114 2418 189 2470 quse
217 2401 324 2456 maiore
350 2397 440 2455 iocis
454 2415 526 2454 sono
555 2395 689 2470 effertur,
718 2400 821 2455 ceteris
845 2401 983 2458 antistare
1005 2399 1149 2476 rideatur,

113 2479 150 2538 fit
174 2487 205 2538 ut
230 2501 299 2554 par
308 2477 488 2554 particulam
498 2475 534 2559 γὲ
556 2479 592 2538 de
612 2479 666 2536 lrac
689 2482 880 2552 potissumum
900 2503 971 2540 voce
993 2481 1039 2555 id,
1069 2484 1149 2556 quod

112 2559 245 2639 dieitur,
259 2563 458 2638 adseveretur,
482 2564 557 2638 quae
578 2561 688 2620 acuitur
709 2561 762 2620 illa
782 2564 952 2638 particula?
976 2561 1062 2623 Unde
1083 2569 1148 2626 fere

110 2647 366 2706 adfirmationem.
378 2649 433 2704 ista
469 2647 610 2721 particula
625 2696 628 2707 .
637 2645 785 2706 declarari
816 2654 974 2720 putarunt,
1017 2651 1148 2720 quamvis

109 2751 180 2804 per·
195 2751 229 2790 se
256 2731 481 2790 adseveratiouis
509 2734 631 2789 vimen
659 2729 800 2802 particula
831 2729 938 2788 habere
966 2729 1086 2790 nullam,
1104 2735 1148 2791 ιι·-

108 2813 224 2870 deatnr.
268 2811 505 2889 Quotiescunque
527 2816 604 2870 enim
634 2812 743 2886 aliquid
762 2833 824 2886 rper
847 2813 1016 2887 particulam
1038 2811 1073 2894 γὲ
1096 2815 1147 2874 ad·

79 2943 86 2947 .
111 2896 226 2954 firmari
250 2895 380 2967 ridetur,
404 2915 504 2954 revera
526 2897 622 2970 aliqua
647 2899 745 2954 subest
767 2899 929 2970 oppositio,
950 2917 1026 2971 quae
1047 2899 1147 2972 paucis

111 2977 231 3053 quidem
250 2978 327 3038 locis
348 2987 445 3051 aperte
461 2977 609 3038 declarata
630 2991 682 3056 est,
703 2981 736 3038 in
757 2983 859 3040 ceteris
880 2979 965 3039 modo
987 2984 1146 3068 obscurius,

108 3063 195 3120 modo
236 3062 420 3146 explicatius
445 3063 633 3136 significatur.
685 3061 732 3122 Ea
770 3075 865 3124 autem
902 3069 1046 3141 oppositio
1085 3085 1146 3126 uon

103 3149 149 3204 ita
171 3155 334 3234 comparata
357 3154 414 3220 est,
436 3156 467 3205 ut
488 3151 648 3206 contrarias
667 3167 712 3204 res
733 3151 810 3206 iuter
830 3171 863 3210 se
884 3159 1028 3225 opponat,
1047 3163 1146 3225 nequa

105 3231 187 3288 enim
190 3225 335 3289 excludit
354 3231 493 3303 particula
510 3227 547 3310 γὲ
568 3230 742 3305 quidquam,
769 3233 835 3307 sed,
856 3241 889 3292 ut
904 3242 988 3294 recte
1010 3233 1047 3291 G.
1069 3234 1146 3294 ller-

104 3331 228 3372 manuus
248 3307 347 3373 statuit
369 3315 416 3372 ad
423 3309 627 3386 Vigor-amp.
650 3317 721 3370 824.
745 3314 790 3371 ed.
813 3323 887 3387 tert,
906 3320 948 3373 ita
969 3323 1082 3378 tautum
1100 3319 1146 3376 di·

101 3391 243 3472 ιιιιιξιιιι,
274 3405 305 3454 ut
329 3397 379 3467 id,
409 3395 487 3467 quod
507 3395 705 3468 distinguitur,
732 3399 861 3454 eminere
884 3407 950 3454 ante
973 3398 1030 3452 alia
1053 3399 1146 3472 nigni-
1211 3445 1213 3448 -
1294 3386 1298 3393 ¹

102 3481 228 3544 ficetur.
239 3477 293 3538 -ld
314 3484 410 3534 autem
426 3479 538 3547 primae
558 3477 637 3534 vocis
645 3477 865 3566 significationi
885 3495 1004 3550 prorsus
1022 3497 1146 3540 cousen-

102 3574 220 3623 taneum
240 3569 296 3636 cst,
320 3578 410 3640 quom
431 3558 493 3648 illa,
518 3563 550 3613 ut
564 3557 707 3630 vidimus,
729 3579 784 3632 per
805 3581 837 3620 se
857 3581 916 3620 uon
937 3561 1086 3624 adseveret
1106 3566 1145 3626 da

99 3647 227 3722 aliqua!
222 3647 318 3718 voce,
346 3640 437 3702 sed
423 3659 489 3698 eam
510 3644 621 3712 tantum
641 3640 758 3696 modo'
748 3663 815 3715 rpso
838 3663 909 3704 sono
928 3653 1049 3704 acuat
1066 3647 1144 3708 Nam

99 3733 130 3790 si
155 3731 334 3790 mentionem
357 3726 432 3788 feci
438 3721 475 3780 de
498 3706 609 3779 duobus
629 3711 798 3822 hominibus
818 3737 847 3788 et
868 3729 904 3787 de
928 3731 1067 3786 alterutro
1090 3729 1144 3787 hoc

99 3813 181 3882 dico:
204 3817 310 3871 Jeucr
325 3791 438 3912 tactust,
457 3813 489 3863 ut
508 3813 626 3862 acuatur
641 3826 701 3862 vox
714 3804 805 3884 jerico,
825 3805 930 3886 quasr
899 3809 1035 3867 Graece
1050 3812 1143 3891 dicas·

94 3889 255 3970 Ἐκεῖνός
268 3913 317 3975 γε
333 3885 428 3976 ἥκει,
454 3910 514 3949 nou
537 3887 654 3964 quidem
674 3886 747 3946 illud
769 3893 898 3994 declaro,
925 3893 1047 3959 alterum
1071 3917 1144 3954 non

96 3975 264 4054 uenire,
279 3978 357 4052 quod
379 3977 449 4034 ιιιιιι
462 3974 576 4033 demum
601 3981 703 4033 verum
726 3981 814 4053 esset,
843 3981 869 4036 si
891 3977 1030 4036 dicerem}
1059 3983 1143 4040 derum
1182 4035 1184 4040 ,
1263 4009 1265 4020 1

57 4063 243 4206 deliquit,
265 4062 316 4121 sed
337 4059 401 4120 hoc
406 4067 524 4130 tautum
544 4059 632 4122 ruodo
650 4057 795 4141 significo,
815 4061 855 4123 de
874 4063 965 4208 altgro
985 4077 1045 4124 rua·
1054 4078 1142 4138 pesae

177 4186 187 4205 .
327 4189 329 4191 -
894 4157 909 4206 l
