<?xml version="1.0" encoding="UTF-8"?>
<!DOCTYPE html PUBLIC "-//W3C//DTD XHTML 1.0 Transitional//EN"
    "http://www.w3.org/TR/xhtml1/DTD/xhtml1-transitional.dtd">
<html xmlns="http://www.w3.org/1999/xhtml" xml:lang="en" lang="en">
 <head>
  <title>
</title>
<meta http-equiv="Content-Type" content="text/html;charset=utf-8" />
  <meta name='ocr-system' content='tesseract 3.04.00' />
  <meta name='ocr-capabilities' content='ocr_page ocr_carea ocr_par ocr_line ocrx_word'/>
</head>
<body>
  <div class='ocr_page' id='page_1' title='image "./matthaeidevarii01klotgoog/matthaeidevarii01klotgoog_0714.png"; bbox 0 0 2836 4598; ppageno 0'>
   <div class='ocr_carea' id='block_1_1' title="bbox 344 672 959 806">
    <p class='ocr_par' dir='ltr' id='par_1_1' title="bbox 344 672 959 806">
     <span class='ocr_line' id='line_1_1' title="bbox 344 672 959 806; baseline -0.002 -27"><span class='ocrx_word' id='word_1_1' title='bbox 344 672 959 806; x_wconf 58' lang='lat' dir='ltr'><strong>aaronita„¹</strong></span> 
     </span>
    </p>
   </div>
   <div class='ocr_carea' id='block_1_2' title="bbox 72 863 1089 990">
    <p class='ocr_par' dir='ltr' id='par_1_2' title="bbox 72 863 1089 990">
     <span class='ocr_line' id='line_1_2' title="bbox 72 863 1089 990; baseline -0.002 -21"><span class='ocrx_word' id='word_1_2' title='bbox 72 886 77 902; x_wconf 56' lang='lat'>‘</span> <span class='ocrx_word' id='word_1_3' title='bbox 152 896 223 986; x_wconf 69' lang='lat' dir='ltr'><strong>‚Da</strong></span> <span class='ocrx_word' id='word_1_4' title='bbox 261 898 537 990; x_wconf 80' lang='lat' dir='ltr'><strong>particulis</strong></span> <span class='ocrx_word' id='word_1_5' title='bbox 574 894 660 966; x_wconf 79' lang='grc' dir='ltr'><strong><em>ὅτι·</em></strong></span> <span class='ocrx_word' id='word_1_6' title='bbox 693 907 733 966; x_wconf 89' lang='lat' dir='ltr'><strong>et</strong></span> <span class='ocrx_word' id='word_1_7' title='bbox 772 863 1089 988; x_wconf 40' lang='lat' dir='ltr'><strong>compositiss</strong></span> 
     </span>
    </p>
   </div>
   <div class='ocr_carea' id='block_1_3' title="bbox 8 1126 1334 4282">
    <p class='ocr_par' dir='ltr' id='par_1_3' title="bbox 8 1126 1334 4282">
     <span class='ocr_line' id='line_1_3' title="bbox 176 1126 1272 1214; baseline -0.001 -19"><span class='ocrx_word' id='word_1_8' title='bbox 176 1133 225 1196; x_wconf 89' lang='lat' dir='ltr'><strong>De</strong></span> <span class='ocrx_word' id='word_1_9' title='bbox 246 1129 300 1200; x_wconf 76' lang='grc' dir='ltr'><strong>δτι</strong></span> <span class='ocrx_word' id='word_1_10' title='bbox 321 1137 462 1214; x_wconf 85' lang='lat' dir='ltr'><strong>particula</strong></span> <span class='ocrx_word' id='word_1_11' title='bbox 482 1137 624 1214; x_wconf 78' lang='lat' dir='ltr'><strong>pleraque</strong></span> <span class='ocrx_word' id='word_1_12' title='bbox 641 1143 717 1198; x_wconf 91' lang='lat' dir='ltr'><strong>reete</strong></span> <span class='ocrx_word' id='word_1_13' title='bbox 736 1135 853 1198; x_wconf 86' lang='lat' dir='ltr'><strong>tradidit</strong></span> <span class='ocrx_word' id='word_1_14' title='bbox 871 1133 1017 1198; x_wconf 81' lang='lat' dir='ltr'><strong>Derarine</strong></span> <span class='ocrx_word' id='word_1_15' title='bbox 1039 1135 1096 1196; x_wconf 83' lang='lat' dir='ltr'><strong>voi.</strong></span> <span class='ocrx_word' id='word_1_16' title='bbox 1109 1126 1136 1197; x_wconf 89' lang='grc'><strong>1.</strong></span> <span class='ocrx_word' id='word_1_17' title='bbox 1196 1137 1272 1198; x_wconf 73' lang='grc' dir='ltr'><strong><em>Ὅτι.-</em></strong></span> 
     </span>
     <span class='ocr_line' id='line_1_4' title="bbox 91 1221 1135 1298; baseline 0.004 -22"><span class='ocrx_word' id='word_1_18' title='bbox 91 1239 122 1296; x_wconf 85' lang='grc' dir='ltr'><strong>ρ.</strong></span> <span class='ocrx_word' id='word_1_19' title='bbox 145 1225 206 1280; x_wconf 85' lang='grc'><strong>158</strong></span> <span class='ocrx_word' id='word_1_20' title='bbox 227 1235 312 1298; x_wconf 72' lang='grc' dir='ltr'><strong><em>σαιρ,</em></strong></span> <span class='ocrx_word' id='word_1_21' title='bbox 346 1225 404 1281; x_wconf 88' lang='lat' dir='ltr'><strong>nisi</strong></span> <span class='ocrx_word' id='word_1_22' title='bbox 432 1221 510 1298; x_wconf 89' lang='lat' dir='ltr'><strong>quod</strong></span> <span class='ocrx_word' id='word_1_23' title='bbox 533 1243 564 1296; x_wconf 92' lang='lat' dir='ltr'><strong>p.</strong></span> <span class='ocrx_word' id='word_1_24' title='bbox 589 1224 659 1280; x_wconf 88' lang='grc'><strong>159.</strong></span> <span class='ocrx_word' id='word_1_25' title='bbox 683 1223 853 1298; x_wconf 82' lang='lat' dir='ltr'><strong>significare</strong></span> <span class='ocrx_word' id='word_1_26' title='bbox 879 1223 994 1282; x_wconf 86' lang='lat' dir='ltr'><strong>videtur</strong></span> <span class='ocrx_word' id='word_1_27' title='bbox 1021 1223 1135 1296; x_wconf 88' lang='lat' dir='ltr'><strong>saepius</strong></span> 
     </span>
     <span class='ocr_line' id='line_1_5' title="bbox 91 1297 1212 1381; baseline 0.001 -19"><span class='ocrx_word' id='word_1_28' title='bbox 91 1297 236 1380; x_wconf 72' lang='lat' dir='ltr'><strong>poetriae,</strong></span> <span class='ocrx_word' id='word_1_29' title='bbox 259 1306 419 1381; x_wconf 89' lang='lat' dir='ltr'><strong>siquando</strong></span> <span class='ocrx_word' id='word_1_30' title='bbox 440 1306 561 1365; x_wconf 84' lang='lat' dir='ltr'><strong>alterius</strong></span> <span class='ocrx_word' id='word_1_31' title='bbox 584 1307 676 1364; x_wconf 90' lang='lat' dir='ltr'><strong>oratio</strong></span> <span class='ocrx_word' id='word_1_32' title='bbox 699 1306 899 1365; x_wconf 76' lang='lat' dir='ltr'><strong>introducatur</strong></span> <span class='ocrx_word' id='word_1_33' title='bbox 919 1327 972 1380; x_wconf 91' lang='lat' dir='ltr'><strong>per</strong></span> <span class='ocrx_word' id='word_1_34' title='bbox 989 1325 1052 1364; x_wconf 89' lang='lat' dir='ltr'><strong>earu</strong></span> <span class='ocrx_word' id='word_1_35' title='bbox 1068 1325 1135 1380; x_wconf 84' lang='lat' dir='ltr'><strong>par·</strong></span> <span class='ocrx_word' id='word_1_36' title='bbox 1204 1321 1212 1346; x_wconf 59' lang='grc' dir='ltr'><strong><em>ι</em></strong></span> 
     </span>
     <span class='ocr_line' id='line_1_6' title="bbox 92 1387 1135 1473; baseline 0 -27"><span class='ocrx_word' id='word_1_37' title='bbox 92 1387 220 1464; x_wconf 79' lang='lat' dir='ltr'><strong>ticulum,</strong></span> <span class='ocrx_word' id='word_1_38' title='bbox 241 1393 398 1463; x_wconf 86' lang='lat' dir='ltr'><strong>optativum</strong></span> <span class='ocrx_word' id='word_1_39' title='bbox 419 1409 506 1473; x_wconf 87' lang='lat' dir='ltr'><strong>quam</strong></span> <span class='ocrx_word' id='word_1_40' title='bbox 522 1388 709 1448; x_wconf 86' lang='lat' dir='ltr'><strong>indicativum</strong></span> <span class='ocrx_word' id='word_1_41' title='bbox 725 1391 805 1464; x_wconf 90' lang='lat' dir='ltr'><strong>poni.</strong></span> <span class='ocrx_word' id='word_1_42' title='bbox 834 1387 912 1449; x_wconf 88' lang='lat' dir='ltr'><strong>Nam</strong></span> <span class='ocrx_word' id='word_1_43' title='bbox 929 1409 1016 1464; x_wconf 79' lang='lat' dir='ltr'><strong>saepe</strong></span> <span class='ocrx_word' id='word_1_44' title='bbox 1036 1390 1135 1447; x_wconf 88' lang='lat' dir='ltr'><strong>admo·</strong></span> 
     </span>
     <span class='ocr_line' id='line_1_7' title="bbox 93 1469 1135 1548; baseline 0.002 -20"><span class='ocrx_word' id='word_1_45' title='bbox 93 1469 162 1528; x_wconf 88' lang='lat' dir='ltr'><strong>dnm</strong></span> <span class='ocrx_word' id='word_1_46' title='bbox 180 1473 213 1529; x_wconf 89' lang='lat' dir='ltr'><strong>in</strong></span> <span class='ocrx_word' id='word_1_47' title='bbox 228 1473 291 1531; x_wconf 86' lang='lat' dir='ltr'><strong>eine</strong></span> <span class='ocrx_word' id='word_1_48' title='bbox 309 1473 387 1533; x_wconf 88' lang='lat' dir='ltr'><strong>ruodi</strong></span> <span class='ocrx_word' id='word_1_49' title='bbox 406 1473 477 1532; x_wconf 83' lang='lat' dir='ltr'><strong>loeis</strong></span> <span class='ocrx_word' id='word_1_50' title='bbox 495 1473 668 1531; x_wconf 76' lang='lat' dir='ltr'><strong>indicativus</strong></span> <span class='ocrx_word' id='word_1_51' title='bbox 680 1471 802 1532; x_wconf 87' lang='lat' dir='ltr'><strong>habetur</strong></span> <span class='ocrx_word' id='word_1_52' title='bbox 815 1481 844 1532; x_wconf 88' lang='lat' dir='ltr'><strong>et</strong></span> <span class='ocrx_word' id='word_1_53' title='bbox 855 1491 992 1531; x_wconf 80' lang='lat' dir='ltr'><strong>maxume</strong></span> <span class='ocrx_word' id='word_1_54' title='bbox 1006 1473 1135 1548; x_wconf 86' lang='lat' dir='ltr'><strong>quidem,</strong></span> 
     </span>
     <span class='ocr_line' id='line_1_8' title="bbox 93 1553 1135 1635; baseline 0.003 -24"><span class='ocrx_word' id='word_1_55' title='bbox 93 1561 126 1612; x_wconf 90' lang='lat' dir='ltr'><strong>ut</strong></span> <span class='ocrx_word' id='word_1_56' title='bbox 149 1563 223 1612; x_wconf 90' lang='lat' dir='ltr'><strong>reete</strong></span> <span class='ocrx_word' id='word_1_57' title='bbox 244 1557 415 1635; x_wconf 67' lang='lat' dir='ltr'><strong>observasse</strong></span> <span class='ocrx_word' id='word_1_58' title='bbox 428 1557 543 1617; x_wconf 84' lang='lat' dir='ltr'><strong>ridetur</strong></span> <span class='ocrx_word' id='word_1_59' title='bbox 555 1553 588 1615; x_wconf 79' lang='lat' dir='ltr'><strong>G.</strong></span> <span class='ocrx_word' id='word_1_60' title='bbox 601 1553 802 1631; x_wconf 61' lang='lat' dir='ltr'><strong>alterigenas</strong></span> <span class='ocrx_word' id='word_1_61' title='bbox 819 1557 851 1614; x_wconf 91' lang='lat' dir='ltr'><strong>in</strong></span> <span class='ocrx_word' id='word_1_62' title='bbox 869 1555 969 1616; x_wconf 87' lang='lat' dir='ltr'><strong>indice</strong></span> <span class='ocrx_word' id='word_1_63' title='bbox 985 1556 1021 1614; x_wconf 92' lang='lat' dir='ltr'><strong>ad</strong></span> <span class='ocrx_word' id='word_1_64' title='bbox 1030 1553 1135 1616; x_wconf 87' lang='lat' dir='ltr'><strong>Xeno·</strong></span> 
     </span>
     <span class='ocr_line' id='line_1_9' title="bbox 92 1635 1197 1716; baseline 0.005 -22"><span class='ocrx_word' id='word_1_65' title='bbox 92 1635 213 1712; x_wconf 86' lang='lat' dir='ltr'><strong>phontis</strong></span> <span class='ocrx_word' id='word_1_66' title='bbox 249 1640 462 1716; x_wconf 70' lang='lat' dir='ltr'><strong>Erpeditiorrenr</strong></span> <span class='ocrx_word' id='word_1_67' title='bbox 496 1640 561 1712; x_wconf 68' lang='lat' dir='ltr'><strong>Uari</strong></span> <span class='ocrx_word' id='word_1_68' title='bbox 593 1661 623 1714; x_wconf 91' lang='lat' dir='ltr'><strong>p.</strong></span> <span class='ocrx_word' id='word_1_69' title='bbox 648 1640 731 1714; x_wconf 67' lang='lat'><strong>513„</strong></span> <span class='ocrx_word' id='word_1_70' title='bbox 762 1641 795 1698; x_wconf 89' lang='lat' dir='ltr'><strong>iu</strong></span> <span class='ocrx_word' id='word_1_71' title='bbox 826 1641 943 1715; x_wconf 89' lang='lat' dir='ltr'><strong>futuro,</strong></span> <span class='ocrx_word' id='word_1_72' title='bbox 976 1641 1057 1700; x_wconf 85' lang='lat' dir='ltr'><strong>euius</strong></span> <span class='ocrx_word' id='word_1_73' title='bbox 1088 1641 1134 1700; x_wconf 86' lang='lat' dir='ltr'><strong>rei</strong></span> <span class='ocrx_word' id='word_1_74' title='bbox 1196 1680 1197 1689; x_wconf 32' lang='grc' dir='ltr'><strong><em>ι</em></strong></span> 
     </span>
     <span class='ocr_line' id='line_1_10' title="bbox 92 1720 1133 1798; baseline 0.003 -19"><span class='ocrx_word' id='word_1_75' title='bbox 92 1720 231 1795; x_wconf 84' lang='lat' dir='ltr'><strong>exempla</strong></span> <span class='ocrx_word' id='word_1_76' title='bbox 257 1721 342 1794; x_wconf 88' lang='lat' dir='ltr'><strong>plura</strong></span> <span class='ocrx_word' id='word_1_77' title='bbox 360 1721 468 1782; x_wconf 80' lang='lat' dir='ltr'><strong>ibidem</strong></span> <span class='ocrx_word' id='word_1_78' title='bbox 488 1724 586 1796; x_wconf 79' lang='lat' dir='ltr'><strong>posuit</strong></span> <span class='ocrx_word' id='word_1_79' title='bbox 605 1724 653 1792; x_wconf 86' lang='lat' dir='ltr'><strong>vir</strong></span> <span class='ocrx_word' id='word_1_80' title='bbox 674 1721 881 1798; x_wconf 80' lang='lat' dir='ltr'><strong>doctissumus,</strong></span> <span class='ocrx_word' id='word_1_81' title='bbox 914 1723 1006 1784; x_wconf 71' lang='lat' dir='ltr'><strong>utari</strong></span> <span class='ocrx_word' id='word_1_82' title='bbox 1035 1743 1053 1782; x_wconf 91' lang='lat' dir='ltr'><strong>e</strong></span> <span class='ocrx_word' id='word_1_83' title='bbox 1080 1722 1133 1782; x_wconf 86' lang='lat' dir='ltr'><strong>lib.</strong></span> 
     </span>
     <span class='ocr_line' id='line_1_11' title="bbox 93 1795 1134 1886; baseline 0.007 -24"><span class='ocrx_word' id='word_1_84' title='bbox 93 1801 153 1862; x_wconf 86' lang='lat' dir='ltr'><strong>lv.</strong></span> <span class='ocrx_word' id='word_1_85' title='bbox 185 1807 248 1879; x_wconf 78' lang='lat' dir='ltr'><strong>dep.</strong></span> <span class='ocrx_word' id='word_1_86' title='bbox 269 1809 298 1863; x_wconf 84' lang='lat' dir='ltr'><strong>t.</strong></span> <span class='ocrx_word' id='word_1_87' title='bbox 327 1809 355 1877; x_wconf 83' lang='lat'><strong>§.</strong></span> <span class='ocrx_word' id='word_1_88' title='bbox 377 1811 428 1864; x_wconf 89' lang='lat'><strong>20.</strong></span> <span class='ocrx_word' id='word_1_89' title='bbox 468 1797 596 1868; x_wconf 73' lang='grc' dir='ltr'><strong><em>Ἐλθών</em></strong></span> <span class='ocrx_word' id='word_1_90' title='bbox 628 1795 659 1866; x_wconf 77' lang='grc' dir='ltr'><strong>δ’</strong></span> <span class='ocrx_word' id='word_1_91' title='bbox 686 1798 812 1879; x_wconf 75' lang='grc' dir='ltr'><strong><em>ἐκεῖνος</em></strong></span> <span class='ocrx_word' id='word_1_92' title='bbox 838 1802 925 1886; x_wconf 84' lang='grc' dir='ltr'><em>λέγει</em></span> <span class='ocrx_word' id='word_1_93' title='bbox 954 1799 1009 1868; x_wconf 80' lang='grc' dir='ltr'><strong>ὅτι</strong></span> <span class='ocrx_word' id='word_1_94' title='bbox 1034 1801 1134 1870; x_wconf 83' lang='grc' dir='ltr'><strong><em>πέντε</em></strong></span> 
     </span>
     <span class='ocr_line' id='line_1_12' title="bbox 91 1877 1252 1971; baseline 0.001 -22"><span class='ocrx_word' id='word_1_95' title='bbox 91 1879 226 1971; x_wconf 77' lang='grc' dir='ltr'><strong><em>ἡμερῶν</em></strong></span> <span class='ocrx_word' id='word_1_96' title='bbox 247 1877 319 1962; x_wconf 67' lang='grc' dir='ltr'><strong><em>ὄξει</em></strong></span> <span class='ocrx_word' id='word_1_97' title='bbox 341 1879 462 1963; x_wconf 79' lang='grc' dir='ltr'><strong><em>αὐτοὺς</em></strong></span> <span class='ocrx_word' id='word_1_98' title='bbox 483 1879 533 1962; x_wconf 82' lang='grc' dir='ltr'><strong>εἷς</strong></span> <span class='ocrx_word' id='word_1_99' title='bbox 551 1881 672 1971; x_wconf 78' lang='grc' dir='ltr'><em>χωρίον</em></span> <span class='ocrx_word' id='word_1_100' title='bbox 688 1883 770 1950; x_wconf 75' lang='grc' dir='ltr'><strong><em>ὅθεν</em></strong></span> <span class='ocrx_word' id='word_1_101' title='bbox 787 1880 932 1970; x_wconf 66' lang='grc' dir='ltr'><strong><em>ὄψονται</em></strong></span> <span class='ocrx_word' id='word_1_102' title='bbox 949 1881 1149 1950; x_wconf 62' lang='lat' dir='ltr'><strong>aetianam·</strong></span> <span class='ocrx_word' id='word_1_103' title='bbox 1243 1917 1252 1963; x_wconf 67' lang='grc' dir='ltr'>ῃ</span> 
     </span>
     <span class='ocr_line' id='line_1_13' title="bbox 92 1961 1201 2072; baseline 0.002 -42"><span class='ocrx_word' id='word_1_104' title='bbox 92 1979 123 2030; x_wconf 90' lang='lat' dir='ltr'><strong>et</strong></span> <span class='ocrx_word' id='word_1_105' title='bbox 149 1991 166 2030; x_wconf 91' lang='lat' dir='ltr'><strong>e</strong></span> <span class='ocrx_word' id='word_1_106' title='bbox 191 1971 243 2030; x_wconf 87' lang='lat' dir='ltr'><strong>lib.</strong></span> <span class='ocrx_word' id='word_1_107' title='bbox 264 1967 307 2032; x_wconf 92' lang='lat' dir='ltr'><strong>V.</strong></span> <span class='ocrx_word' id='word_1_108' title='bbox 337 1986 399 2046; x_wconf 88' lang='lat' dir='ltr'><strong>cap.</strong></span> <span class='ocrx_word' id='word_1_109' title='bbox 428 1979 457 2033; x_wconf 91' lang='lat' dir='ltr'><strong>l.</strong></span> <span class='ocrx_word' id='word_1_110' title='bbox 481 1974 511 2043; x_wconf 84' lang='lat'><strong>§.</strong></span> <span class='ocrx_word' id='word_1_111' title='bbox 537 1976 587 2028; x_wconf 87' lang='grc'><strong>10.</strong></span> <span class='ocrx_word' id='word_1_112' title='bbox 629 1961 672 2032; x_wconf 83' lang='grc' dir='ltr'><strong>Εἰ</strong></span> <span class='ocrx_word' id='word_1_113' title='bbox 694 1965 755 2048; x_wconf 75' lang='grc' dir='ltr'><strong>μὲν</strong></span> <span class='ocrx_word' id='word_1_114' title='bbox 774 1961 994 2072; x_wconf 77' lang='grc' dir='ltr'><strong><em>ἠπιστάρεθα</em></strong></span> <span class='ocrx_word' id='word_1_115' title='bbox 1016 1971 1135 2072; x_wconf 61' lang='lat' dir='ltr'><strong>coquis</strong></span> <span class='ocrx_word' id='word_1_116' title='bbox 1193 1998 1201 2012; x_wconf 74' lang='lat'>=</span> 
     </span>
     <span class='ocr_line' id='line_1_14' title="bbox 8 2047 1334 2141; baseline 0.002 -26"><span class='ocrx_word' id='word_1_117' title='bbox 8 2133 17 2141; x_wconf 86' lang='lat'><strong>.</strong></span> <span class='ocrx_word' id='word_1_118' title='bbox 93 2049 149 2117; x_wconf 79' lang='grc' dir='ltr'><strong>ὅτι</strong></span> <span class='ocrx_word' id='word_1_119' title='bbox 175 2050 249 2138; x_wconf 82' lang='grc' dir='ltr'><strong><em>ἥξει</em></strong></span> <span class='ocrx_word' id='word_1_120' title='bbox 270 2053 376 2117; x_wconf 84' lang='grc' dir='ltr'><strong><em>πλοῖα</em></strong></span> <span class='ocrx_word' id='word_1_121' title='bbox 398 2048 606 2138; x_wconf 77' lang='grc' dir='ltr'><strong><em>Χειρίσοφος</em></strong></span> <span class='ocrx_word' id='word_1_122' title='bbox 627 2047 713 2132; x_wconf 80' lang='grc' dir='ltr'><strong><em>ἅγιον</em></strong></span> <span class='ocrx_word' id='word_1_123' title='bbox 734 2047 846 2124; x_wconf 75' lang='grc' dir='ltr'><strong><em>ἱκανά,</em></strong></span> <span class='ocrx_word' id='word_1_124' title='bbox 876 2049 973 2117; x_wconf 73' lang='lat' dir='ltr'><strong>nodab</strong></span> <span class='ocrx_word' id='word_1_125' title='bbox 1001 2047 1042 2115; x_wconf 78' lang='lat' dir='ltr'><strong>din</strong></span> <span class='ocrx_word' id='word_1_126' title='bbox 1063 2050 1133 2118; x_wconf 84' lang='grc' dir='ltr'><strong><em>ε’δει</em></strong></span> <span class='ocrx_word' id='word_1_127' title='bbox 1332 2079 1334 2086; x_wconf 87' lang='grc'><em>·</em></span> 
     </span>
     <span class='ocr_line' id='line_1_15' title="bbox 94 2123 1131 2217; baseline -0.001 -18"><span class='ocrx_word' id='word_1_128' title='bbox 94 2123 140 2200; x_wconf 84' lang='grc' dir='ltr'><strong>ὧν</strong></span> <span class='ocrx_word' id='word_1_129' title='bbox 160 2135 270 2217; x_wconf 81' lang='grc' dir='ltr'><strong><em>μέλλω</em></strong></span> <span class='ocrx_word' id='word_1_130' title='bbox 291 2135 424 2216; x_wconf 82' lang='grc' dir='ltr'><strong><em>λέγειν..</em></strong></span> <span class='ocrx_word' id='word_1_131' title='bbox 453 2159 511 2213; x_wconf 86' lang='lat' dir='ltr'><strong>quo</strong></span> <span class='ocrx_word' id='word_1_132' title='bbox 533 2147 629 2196; x_wconf 88' lang='lat' dir='ltr'><strong>tamen</strong></span> <span class='ocrx_word' id='word_1_133' title='bbox 650 2136 712 2196; x_wconf 89' lang='lat' dir='ltr'><strong>loco</strong></span> <span class='ocrx_word' id='word_1_134' title='bbox 734 2137 791 2196; x_wconf 90' lang='lat' dir='ltr'><strong>duo</strong></span> <span class='ocrx_word' id='word_1_135' title='bbox 809 2138 879 2197; x_wconf 81' lang='lat' dir='ltr'><strong>libri</strong></span> <span class='ocrx_word' id='word_1_136' title='bbox 900 2158 960 2196; x_wconf 91' lang='lat' dir='ltr'><strong>nnn</strong></span> <span class='ocrx_word' id='word_1_137' title='bbox 982 2137 1054 2196; x_wconf 89' lang='lat' dir='ltr'><strong>mali</strong></span> <span class='ocrx_word' id='word_1_138' title='bbox 1079 2135 1131 2198; x_wconf 88' lang='lat' dir='ltr'><strong>ha·</strong></span> 
     </span>
     <span class='ocr_line' id='line_1_16' title="bbox 91 2213 1214 2304; baseline 0 -22"><span class='ocrx_word' id='word_1_139' title='bbox 91 2223 162 2282; x_wconf 87' lang='lat' dir='ltr'><strong>bent</strong></span> <span class='ocrx_word' id='word_1_140' title='bbox 183 2216 271 2303; x_wconf 78' lang='grc' dir='ltr'><strong><em>ἥξοι.</em></strong></span> <span class='ocrx_word' id='word_1_141' title='bbox 316 2219 378 2282; x_wconf 85' lang='lat' dir='ltr'><strong>Sed</strong></span> <span class='ocrx_word' id='word_1_142' title='bbox 405 2222 474 2282; x_wconf 83' lang='lat' dir='ltr'><strong>vide</strong></span> <span class='ocrx_word' id='word_1_143' title='bbox 501 2220 612 2280; x_wconf 86' lang='lat' dir='ltr'><strong>ibidem</strong></span> <span class='ocrx_word' id='word_1_144' title='bbox 632 2239 696 2296; x_wconf 87' lang='lat' dir='ltr'><strong>cap.</strong></span> <span class='ocrx_word' id='word_1_145' title='bbox 718 2227 748 2279; x_wconf 85' lang='lat'><strong>2.</strong></span> <span class='ocrx_word' id='word_1_146' title='bbox 773 2225 801 2295; x_wconf 90' lang='lat'><strong>§.</strong></span> <span class='ocrx_word' id='word_1_147' title='bbox 824 2226 856 2282; x_wconf 89' lang='grc'><strong>9.</strong></span> <span class='ocrx_word' id='word_1_148' title='bbox 902 2214 945 2284; x_wconf 80' lang='grc' dir='ltr'><strong>Οἱ</strong></span> <span class='ocrx_word' id='word_1_149' title='bbox 966 2217 1030 2304; x_wconf 82' lang='grc' dir='ltr'><strong>γὰρ</strong></span> <span class='ocrx_word' id='word_1_150' title='bbox 1050 2213 1146 2295; x_wconf 50' lang='grc' dir='ltr'><strong><em>μάν-ε</em></strong></span> <span class='ocrx_word' id='word_1_151' title='bbox 1207 2281 1214 2288; x_wconf 80' lang='grc'>,</span> 
     </span>
     <span class='ocr_line' id='line_1_17' title="bbox 91 2295 1134 2389; baseline 0.002 -23"><span class='ocrx_word' id='word_1_152' title='bbox 91 2323 161 2378; x_wconf 86' lang='grc' dir='ltr'><strong><em>τεις</em></strong></span> <span class='ocrx_word' id='word_1_153' title='bbox 190 2295 466 2386; x_wconf 73' lang='grc' dir='ltr'><strong><em>ἀποδεδειγμένοι</em></strong></span> <span class='ocrx_word' id='word_1_154' title='bbox 491 2295 577 2389; x_wconf 82' lang='grc' dir='ltr'><strong><em>ἦσαν</em></strong></span> <span class='ocrx_word' id='word_1_155' title='bbox 604 2297 658 2367; x_wconf 81' lang='grc' dir='ltr'><strong>ὅτι</strong></span> <span class='ocrx_word' id='word_1_156' title='bbox 686 2297 773 2385; x_wconf 82' lang='grc' dir='ltr'><strong><em>μάχη</em></strong></span> <span class='ocrx_word' id='word_1_157' title='bbox 800 2300 860 2382; x_wconf 82' lang='grc' dir='ltr'><strong>μὲν</strong></span> <span class='ocrx_word' id='word_1_158' title='bbox 887 2295 996 2375; x_wconf 72' lang='grc' dir='ltr'><strong><em>ἔσται,</em></strong></span> <span class='ocrx_word' id='word_1_159' title='bbox 1025 2299 1063 2366; x_wconf 88' lang='grc' dir='ltr'><strong>τὸ</strong></span> <span class='ocrx_word' id='word_1_160' title='bbox 1094 2297 1134 2369; x_wconf 71' lang='grc' dir='ltr'><strong>δέ</strong></span> 
     </span>
     <span class='ocr_line' id='line_1_18' title="bbox 91 2382 1132 2472; baseline -0.003 -24"><span class='ocrx_word' id='word_1_161' title='bbox 91 2384 187 2461; x_wconf 84' lang='grc' dir='ltr'><strong><em>τέλος</em></strong></span> <span class='ocrx_word' id='word_1_162' title='bbox 208 2383 309 2452; x_wconf 85' lang='grc' dir='ltr'><strong><em>καλὸν</em></strong></span> <span class='ocrx_word' id='word_1_163' title='bbox 332 2390 391 2472; x_wconf 82' lang='grc' dir='ltr'><strong>τῆς</strong></span> <span class='ocrx_word' id='word_1_164' title='bbox 412 2382 540 2465; x_wconf 78' lang='grc' dir='ltr'><strong><em>ἐξόδου.</em></strong></span> <span class='ocrx_word' id='word_1_165' title='bbox 578 2385 617 2446; x_wconf 87' lang='lat' dir='ltr'><strong>Et</strong></span> <span class='ocrx_word' id='word_1_166' title='bbox 640 2385 711 2446; x_wconf 87' lang='lat' dir='ltr'><strong>baeo</strong></span> <span class='ocrx_word' id='word_1_167' title='bbox 734 2387 851 2464; x_wconf 88' lang='lat' dir='ltr'><strong>quidem</strong></span> <span class='ocrx_word' id='word_1_168' title='bbox 873 2401 914 2446; x_wconf 84' lang='lat' dir='ltr'><strong>ex</strong></span> <span class='ocrx_word' id='word_1_169' title='bbox 933 2407 993 2446; x_wconf 85' lang='lat' dir='ltr'><strong>nno</strong></span> <span class='ocrx_word' id='word_1_170' title='bbox 1016 2386 1132 2452; x_wconf 85' lang='lat' dir='ltr'><strong>eodem·</strong></span> 
     </span>
     <span class='ocr_line' id='line_1_19' title="bbox 92 2470 1132 2548; baseline 0.004 -22"><span class='ocrx_word' id='word_1_171' title='bbox 92 2489 151 2542; x_wconf 92' lang='lat' dir='ltr'><strong>que</strong></span> <span class='ocrx_word' id='word_1_172' title='bbox 177 2473 299 2546; x_wconf 86' lang='lat' dir='ltr'><strong>s&#39;eripto,</strong></span> <span class='ocrx_word' id='word_1_173' title='bbox 326 2483 359 2530; x_wconf 90' lang='lat' dir='ltr'><strong>ut</strong></span> <span class='ocrx_word' id='word_1_174' title='bbox 381 2481 518 2548; x_wconf 81' lang='lat' dir='ltr'><strong>appareat</strong></span> <span class='ocrx_word' id='word_1_175' title='bbox 538 2491 599 2529; x_wconf 87' lang='lat' dir='ltr'><strong>non</strong></span> <span class='ocrx_word' id='word_1_176' title='bbox 626 2471 844 2546; x_wconf 84' lang='lat' dir='ltr'><strong>infrequentem</strong></span> <span class='ocrx_word' id='word_1_177' title='bbox 869 2470 948 2531; x_wconf 84' lang='lat' dir='ltr'><strong>hune</strong></span> <span class='ocrx_word' id='word_1_178' title='bbox 972 2491 1059 2530; x_wconf 87' lang='lat' dir='ltr'><strong>usum</strong></span> <span class='ocrx_word' id='word_1_179' title='bbox 1084 2473 1132 2530; x_wconf 90' lang='lat' dir='ltr'><strong>iu·</strong></span> 
     </span>
     <span class='ocr_line' id='line_1_20' title="bbox 92 2553 723 2630; baseline 0.005 -19"><span class='ocrx_word' id='word_1_180' title='bbox 92 2553 210 2611; x_wconf 86' lang='lat' dir='ltr'><strong>dieativi</strong></span> <span class='ocrx_word' id='word_1_181' title='bbox 233 2573 298 2613; x_wconf 87' lang='lat' dir='ltr'><strong>esse</strong></span> <span class='ocrx_word' id='word_1_182' title='bbox 320 2564 368 2613; x_wconf 82' lang='lat' dir='ltr'><strong>aut</strong></span> <span class='ocrx_word' id='word_1_183' title='bbox 389 2556 563 2616; x_wconf 83' lang='lat' dir='ltr'><strong>deteriorem</strong></span> <span class='ocrx_word' id='word_1_184' title='bbox 584 2557 723 2630; x_wconf 80' lang='lat' dir='ltr'><strong>optativo.</strong></span> 
     </span>
     <span class='ocr_line' id='line_1_21' title="bbox 177 2635 1167 2716; baseline -0.001 -22"><span class='ocrx_word' id='word_1_185' title='bbox 177 2635 266 2716; x_wconf 81' lang='lat' dir='ltr'><strong>Quod</strong></span> <span class='ocrx_word' id='word_1_186' title='bbox 304 2637 408 2696; x_wconf 90' lang='lat' dir='ltr'><strong>deinde</strong></span> <span class='ocrx_word' id='word_1_187' title='bbox 441 2637 590 2697; x_wconf 82' lang='lat' dir='ltr'><strong>Dererius</strong></span> <span class='ocrx_word' id='word_1_188' title='bbox 623 2637 701 2695; x_wconf 85' lang='lat' dir='ltr'><strong>dixit</strong></span> <span class='ocrx_word' id='word_1_189' title='bbox 729 2657 784 2711; x_wconf 92' lang='lat' dir='ltr'><strong>per</strong></span> <span class='ocrx_word' id='word_1_190' title='bbox 815 2635 959 2712; x_wconf 89' lang='lat' dir='ltr'><strong>quandam</strong></span> <span class='ocrx_word' id='word_1_191' title='bbox 991 2637 1131 2700; x_wconf 80' lang='lat' dir='ltr'><strong>orationis</strong></span> <span class='ocrx_word' id='word_1_192' title='bbox 1163 2685 1167 2693; x_wconf 89' lang='lat'><strong>.</strong></span> 
     </span>
     <span class='ocr_line' id='line_1_22' title="bbox 91 2719 1133 2804; baseline -0.001 -25"><span class='ocrx_word' id='word_1_193' title='bbox 91 2719 297 2779; x_wconf 83' lang='lat' dir='ltr'><strong>abundantiam</strong></span> <span class='ocrx_word' id='word_1_194' title='bbox 317 2721 423 2782; x_wconf 80' lang='lat' dir='ltr'><strong>inferri</strong></span> <span class='ocrx_word' id='word_1_195' title='bbox 445 2741 509 2780; x_wconf 89' lang='lat' dir='ltr'><strong>eam</strong></span> <span class='ocrx_word' id='word_1_196' title='bbox 529 2720 700 2804; x_wconf 84' lang='lat' dir='ltr'><strong>particulam</strong></span> <span class='ocrx_word' id='word_1_197' title='bbox 718 2720 864 2779; x_wconf 90' lang='lat' dir='ltr'><strong>interdum</strong></span> <span class='ocrx_word' id='word_1_198' title='bbox 885 2728 950 2796; x_wconf 85' lang='lat' dir='ltr'><strong>post</strong></span> <span class='ocrx_word' id='word_1_199' title='bbox 962 2720 1050 2778; x_wconf 87' lang='lat' dir='ltr'><strong>aliam</strong></span> <span class='ocrx_word' id='word_1_200' title='bbox 1064 2740 1133 2794; x_wconf 89' lang='lat' dir='ltr'><strong>par·</strong></span> 
     </span>
     <span class='ocr_line' id='line_1_23' title="bbox 89 2797 1168 2884; baseline 0 -22"><span class='ocrx_word' id='word_1_201' title='bbox 89 2803 209 2862; x_wconf 83' lang='lat' dir='ltr'><strong>tienlam</strong></span> <span class='ocrx_word' id='word_1_202' title='bbox 229 2804 334 2884; x_wconf 86' lang='lat' dir='ltr'><strong>similis</strong></span> <span class='ocrx_word' id='word_1_203' title='bbox 355 2805 590 2880; x_wconf 75' lang='lat' dir='ltr'><strong>significationis,</strong></span> <span class='ocrx_word' id='word_1_204' title='bbox 619 2803 710 2862; x_wconf 85' lang='lat' dir='ltr'><strong>ueluti</strong></span> <span class='ocrx_word' id='word_1_205' title='bbox 730 2811 798 2878; x_wconf 82' lang='lat' dir='ltr'><strong>post</strong></span> <span class='ocrx_word' id='word_1_206' title='bbox 820 2797 864 2879; x_wconf 84' lang='grc' dir='ltr'><strong>ὡς</strong></span> <span class='ocrx_word' id='word_1_207' title='bbox 883 2803 1068 2879; x_wconf 86' lang='lat' dir='ltr'><strong>particulam,</strong></span> <span class='ocrx_word' id='word_1_208' title='bbox 1099 2803 1132 2862; x_wconf 93' lang='lat' dir='ltr'><strong>id</strong></span> <span class='ocrx_word' id='word_1_209' title='bbox 1166 2805 1168 2812; x_wconf 79' lang='grc'>’</span> 
     </span>
     <span class='ocr_line' id='line_1_24' title="bbox 90 2877 1131 2962; baseline 0 -16"><span class='ocrx_word' id='word_1_210' title='bbox 90 2887 145 2946; x_wconf 88' lang='lat' dir='ltr'><strong>ilie</strong></span> <span class='ocrx_word' id='word_1_211' title='bbox 170 2897 248 2946; x_wconf 90' lang='lat' dir='ltr'><strong>recte</strong></span> <span class='ocrx_word' id='word_1_212' title='bbox 275 2887 439 2961; x_wconf 78' lang='lat' dir='ltr'><strong>adnotavit,</strong></span> <span class='ocrx_word' id='word_1_213' title='bbox 471 2887 524 2947; x_wconf 84' lang='lat' dir='ltr'><strong>sed</strong></span> <span class='ocrx_word' id='word_1_214' title='bbox 544 2888 614 2946; x_wconf 88' lang='lat' dir='ltr'><strong>talia</strong></span> <span class='ocrx_word' id='word_1_215' title='bbox 635 2887 699 2946; x_wconf 88' lang='lat' dir='ltr'><strong>fere</strong></span> <span class='ocrx_word' id='word_1_216' title='bbox 721 2907 775 2962; x_wconf 88' lang='lat' dir='ltr'><strong>per</strong></span> <span class='ocrx_word' id='word_1_217' title='bbox 795 2877 1043 2950; x_wconf 76' lang='grc' dir='ltr'><strong><em>ἅνακολουθίαν</em></strong></span> <span class='ocrx_word' id='word_1_218' title='bbox 1064 2887 1131 2946; x_wconf 84' lang='lat' dir='ltr'><strong>aliis</strong></span> 
     </span>
     <span class='ocr_line' id='line_1_25' title="bbox 71 2966 1134 3048; baseline 0 -18"><span class='ocrx_word' id='word_1_219' title='bbox 71 2969 271 3045; x_wconf 84' lang='lat' dir='ltr'><strong>&#39;interpositis</strong></span> <span class='ocrx_word' id='word_1_220' title='bbox 292 2975 388 3036; x_wconf 81' lang='lat' dir='ltr'><strong>verbis</strong></span> <span class='ocrx_word' id='word_1_221' title='bbox 410 2967 553 3048; x_wconf 81' lang='lat' dir='ltr'><strong>dicuntur.</strong></span> <span class='ocrx_word' id='word_1_222' title='bbox 565 2966 571 2980; x_wconf 63' lang='lat'>‘</span> <span class='ocrx_word' id='word_1_223' title='bbox 584 2967 700 3030; x_wconf 86' lang='lat' dir='ltr'><strong>Verum</strong></span> <span class='ocrx_word' id='word_1_224' title='bbox 718 2990 803 3046; x_wconf 88' lang='lat' dir='ltr'><strong>saepe</strong></span> <span class='ocrx_word' id='word_1_225' title='bbox 819 2991 941 3030; x_wconf 88' lang='lat' dir='ltr'><strong>numero</strong></span> <span class='ocrx_word' id='word_1_226' title='bbox 956 2972 1043 3030; x_wconf 88' lang='lat' dir='ltr'><strong>etiam</strong></span> <span class='ocrx_word' id='word_1_227' title='bbox 1061 2969 1134 3030; x_wconf 82' lang='lat' dir='ltr'><strong>baeu</strong></span> 
     </span>
     <span class='ocr_line' id='line_1_26' title="bbox 89 3053 1133 3131; baseline -0.002 -17"><span class='ocrx_word' id='word_1_228' title='bbox 89 3056 266 3115; x_wconf 74' lang='lat' dir='ltr'><strong>conabuctio</strong></span> <span class='ocrx_word' id='word_1_229' title='bbox 287 3056 362 3130; x_wconf 86' lang='lat' dir='ltr'><strong>apud</strong></span> <span class='ocrx_word' id='word_1_230' title='bbox 383 3064 517 3131; x_wconf 85' lang='lat' dir='ltr'><strong>optumos</strong></span> <span class='ocrx_word' id='word_1_231' title='bbox 537 3055 690 3130; x_wconf 80' lang='lat' dir='ltr'><strong>scriptores</strong></span> <span class='ocrx_word' id='word_1_232' title='bbox 703 3053 831 3116; x_wconf 84' lang='lat' dir='ltr'><strong>Graecus</strong></span> <span class='ocrx_word' id='word_1_233' title='bbox 852 3053 991 3130; x_wconf 84' lang='lat' dir='ltr'><strong>babetur,</strong></span> <span class='ocrx_word' id='word_1_234' title='bbox 1011 3063 1046 3112; x_wconf 89' lang='lat' dir='ltr'><strong>ut</strong></span> <span class='ocrx_word' id='word_1_235' title='bbox 1065 3062 1133 3129; x_wconf 68' lang='lat' dir='ltr'><strong>quast</strong></span> 
     </span>
     <span class='ocr_line' id='line_1_27' title="bbox 89 3132 1261 3214; baseline -0.003 -15"><span class='ocrx_word' id='word_1_236' title='bbox 89 3132 146 3199; x_wconf 80' lang='grc' dir='ltr'><strong>ὅτι</strong></span> <span class='ocrx_word' id='word_1_237' title='bbox 166 3139 334 3212; x_wconf 87' lang='lat' dir='ltr'><strong>particulam</strong></span> <span class='ocrx_word' id='word_1_238' title='bbox 354 3139 451 3202; x_wconf 87' lang='lat' dir='ltr'><strong>illatus</strong></span> <span class='ocrx_word' id='word_1_239' title='bbox 475 3141 512 3198; x_wconf 85' lang='lat' dir='ltr'><strong>eit</strong></span> <span class='ocrx_word' id='word_1_240' title='bbox 529 3139 711 3212; x_wconf 81' lang='lat' dir='ltr'><strong>infinitivus,</strong></span> <span class='ocrx_word' id='word_1_241' title='bbox 739 3140 824 3214; x_wconf 88' lang='lat' dir='ltr'><strong>quasi</strong></span> <span class='ocrx_word' id='word_1_242' title='bbox 849 3139 902 3197; x_wconf 91' lang='lat' dir='ltr'><strong>illa</strong></span> <span class='ocrx_word' id='word_1_243' title='bbox 927 3146 1013 3198; x_wconf 87' lang='lat' dir='ltr'><strong>antea</strong></span> <span class='ocrx_word' id='word_1_244' title='bbox 1034 3141 1130 3212; x_wconf 84' lang='lat' dir='ltr'><strong>posita</strong></span> <span class='ocrx_word' id='word_1_245' title='bbox 1202 3135 1261 3196; x_wconf 85' lang='grc' dir='ltr'><strong><em>’Όιι</em></strong></span> 
     </span>
     <span class='ocr_line' id='line_1_28' title="bbox 88 3211 1313 3285; baseline -0.003 -5"><span class='ocrx_word' id='word_1_246' title='bbox 88 3241 151 3280; x_wconf 84' lang='lat' dir='ltr'><strong>non</strong></span> <span class='ocrx_word' id='word_1_247' title='bbox 173 3231 251 3285; x_wconf 78' lang='lat' dir='ltr'><strong>esset</strong></span> <span class='ocrx_word' id='word_1_248' title='bbox 280 3231 308 3282; x_wconf 87' lang='lat' dir='ltr'><strong>et</strong></span> <span class='ocrx_word' id='word_1_249' title='bbox 332 3225 509 3284; x_wconf 81' lang='lat' dir='ltr'><strong>aecusativus</strong></span> <span class='ocrx_word' id='word_1_250' title='bbox 532 3244 596 3282; x_wconf 90' lang='lat' dir='ltr'><strong>cum</strong></span> <span class='ocrx_word' id='word_1_251' title='bbox 618 3222 765 3284; x_wconf 79' lang='lat' dir='ltr'><strong>infinitivo</strong></span> <span class='ocrx_word' id='word_1_252' title='bbox 786 3224 890 3282; x_wconf 84' lang='lat' dir='ltr'><strong>usitato</strong></span> <span class='ocrx_word' id='word_1_253' title='bbox 912 3242 993 3282; x_wconf 88' lang='lat' dir='ltr'><strong>more</strong></span> <span class='ocrx_word' id='word_1_254' title='bbox 1015 3223 1130 3283; x_wconf 86' lang='lat' dir='ltr'><strong>dicendi</strong></span> <span class='ocrx_word' id='word_1_255' title='bbox 1148 3228 1204 3266; x_wconf 59' lang='grc' dir='ltr'><strong>Μ</strong></span> <span class='ocrx_word' id='word_1_256' title='bbox 1225 3211 1313 3276; x_wconf 60' lang='grc'><strong>11111·</strong></span> 
     </span>
     <span class='ocr_line' id='line_1_29' title="bbox 88 3280 1260 3384; baseline 0.002 -20"><span class='ocrx_word' id='word_1_257' title='bbox 88 3305 245 3384; x_wconf 86' lang='lat' dir='ltr'><strong>dieeretur,</strong></span> <span class='ocrx_word' id='word_1_258' title='bbox 262 3309 367 3382; x_wconf 86' lang='lat' dir='ltr'><strong>quibua</strong></span> <span class='ocrx_word' id='word_1_259' title='bbox 384 3319 481 3368; x_wconf 88' lang='lat' dir='ltr'><strong>temen</strong></span> <span class='ocrx_word' id='word_1_260' title='bbox 498 3309 532 3366; x_wconf 88' lang='lat' dir='ltr'><strong>in</strong></span> <span class='ocrx_word' id='word_1_261' title='bbox 548 3307 620 3366; x_wconf 84' lang='lat' dir='ltr'><strong>locis</strong></span> <span class='ocrx_word' id='word_1_262' title='bbox 636 3300 690 3369; x_wconf 81' lang='grc' dir='ltr'><strong>ὅτι</strong></span> <span class='ocrx_word' id='word_1_263' title='bbox 705 3306 845 3382; x_wconf 84' lang='lat' dir='ltr'><strong>particula</strong></span> <span class='ocrx_word' id='word_1_264' title='bbox 861 3314 940 3366; x_wconf 85' lang='lat' dir='ltr'><strong>reete</strong></span> <span class='ocrx_word' id='word_1_265' title='bbox 957 3306 1131 3366; x_wconf 80' lang='lat' dir='ltr'><strong>relationem</strong></span> <span class='ocrx_word' id='word_1_266' title='bbox 1196 3280 1260 3356; x_wconf 52' lang='grc' dir='ltr'><strong>’.Μ’</strong></span> 
     </span>
     <span class='ocr_line' id='line_1_30' title="bbox 88 3387 1130 3470; baseline 0 -22"><span class='ocrx_word' id='word_1_267' title='bbox 88 3389 217 3465; x_wconf 88' lang='lat' dir='ltr'><strong>indicat,</strong></span> <span class='ocrx_word' id='word_1_268' title='bbox 244 3391 337 3470; x_wconf 79' lang='lat' dir='ltr'><strong>veluti</strong></span> <span class='ocrx_word' id='word_1_269' title='bbox 364 3393 396 3450; x_wconf 89' lang='lat' dir='ltr'><strong>in</strong></span> <span class='ocrx_word' id='word_1_270' title='bbox 418 3389 628 3466; x_wconf 87' lang='lat' dir='ltr'><strong>Xenophontis</strong></span> <span class='ocrx_word' id='word_1_271' title='bbox 657 3391 815 3467; x_wconf 75' lang='lat' dir='ltr'><strong>Disciplina</strong></span> <span class='ocrx_word' id='word_1_272' title='bbox 839 3390 903 3462; x_wconf 60' lang='lat' dir='ltr'><strong>opst</strong></span> <span class='ocrx_word' id='word_1_273' title='bbox 926 3389 979 3449; x_wconf 91' lang='lat' dir='ltr'><strong>lib.</strong></span> <span class='ocrx_word' id='word_1_274' title='bbox 1001 3387 1043 3448; x_wconf 92' lang='grc'><strong>11.</strong></span> <span class='ocrx_word' id='word_1_275' title='bbox 1067 3411 1130 3462; x_wconf 82' lang='grc' dir='ltr'><strong><em>τερ.</em></strong></span> 
     </span>
     <span class='ocr_line' id='line_1_31' title="bbox 89 3463 1131 3560; baseline 0.004 -30"><span class='ocrx_word' id='word_1_276' title='bbox 89 3473 172 3546; x_wconf 69' lang='lat' dir='ltr'><strong>t.,§.</strong></span> <span class='ocrx_word' id='word_1_277' title='bbox 195 3476 245 3538; x_wconf 82' lang='lat'><strong>15.</strong></span> <span class='ocrx_word' id='word_1_278' title='bbox 283 3464 416 3537; x_wconf 82' lang='grc' dir='ltr'><strong><em>Ἀκούω</em></strong></span> <span class='ocrx_word' id='word_1_279' title='bbox 443 3469 506 3560; x_wconf 83' lang='grc' dir='ltr'><strong>γᾶρ</strong></span> <span class='ocrx_word' id='word_1_280' title='bbox 532 3469 585 3538; x_wconf 83' lang='grc' dir='ltr'><strong>ὅτι</strong></span> <span class='ocrx_word' id='word_1_281' title='bbox 611 3467 668 3534; x_wconf 73' lang='grc' dir='ltr'><strong>καὶ</strong></span> <span class='ocrx_word' id='word_1_282' title='bbox 695 3463 922 3554; x_wconf 68' lang='grc' dir='ltr'><strong><em>συνθηρευτάς</em></strong></span> <span class='ocrx_word' id='word_1_283' title='bbox 947 3492 1039 3546; x_wconf 89' lang='grc' dir='ltr'><strong><em>τινας</em></strong></span> <span class='ocrx_word' id='word_1_284' title='bbox 1065 3473 1131 3534; x_wconf 84' lang='grc' dir='ltr'><strong>τῶν</strong></span> 
     </span>
     <span class='ocr_line' id='line_1_32' title="bbox 87 3543 1130 3636; baseline -0.002 -18"><span class='ocrx_word' id='word_1_285' title='bbox 87 3550 221 3618; x_wconf 79' lang='grc' dir='ltr'><strong><em>παίδων</em></strong></span> <span class='ocrx_word' id='word_1_286' title='bbox 246 3562 300 3618; x_wconf 77' lang='grc' dir='ltr'><strong>σοι</strong></span> <span class='ocrx_word' id='word_1_287' title='bbox 327 3553 484 3636; x_wconf 69' lang='grc' dir='ltr'><strong><em>γενέσθαι</em></strong></span> <span class='ocrx_word' id='word_1_288' title='bbox 510 3544 612 3618; x_wconf 76' lang='grc' dir='ltr'><strong><em>αὐτοῦ</em></strong></span> <span class='ocrx_word' id='word_1_289' title='bbox 620 3595 631 3629; x_wconf 85' lang='grc'><em>,</em></span> <span class='ocrx_word' id='word_1_290' title='bbox 660 3545 745 3617; x_wconf 80' lang='grc' dir='ltr'><strong><em>ὥστε</em></strong></span> <span class='ocrx_word' id='word_1_291' title='bbox 771 3547 853 3628; x_wconf 74' lang='grc' dir='ltr'><strong><em>ἴσως</em></strong></span> <span class='ocrx_word' id='word_1_292' title='bbox 879 3543 920 3614; x_wconf 79' lang='lat' dir='ltr'><strong>din</strong></span> <span class='ocrx_word' id='word_1_293' title='bbox 948 3548 1005 3616; x_wconf 81' lang='grc' dir='ltr'><strong>καὶ</strong></span> <span class='ocrx_word' id='word_1_294' title='bbox 1027 3548 1130 3618; x_wconf 79' lang='grc' dir='ltr'><strong><em>πάλιν</em></strong></span> 
     </span>
     <span class='ocr_line' id='line_1_33' title="bbox 90 3630 1189 3721; baseline -0.005 -20"><span class='ocrx_word' id='word_1_295' title='bbox 90 3630 225 3701; x_wconf 69' lang='grc' dir='ltr'><strong><em>ἔλθοιεν</em></strong></span> <span class='ocrx_word' id='word_1_296' title='bbox 252 3632 339 3721; x_wconf 85' lang='grc' dir='ltr'><strong><em>πρός</em></strong></span> <span class='ocrx_word' id='word_1_297' title='bbox 365 3658 413 3703; x_wconf 89' lang='grc' dir='ltr'><strong>σε.</strong></span> <span class='ocrx_word' id='word_1_298' title='bbox 439 3647 469 3698; x_wconf 92' lang='lat' dir='ltr'><strong>et</strong></span> <span class='ocrx_word' id='word_1_299' title='bbox 496 3647 580 3698; x_wconf 84' lang='lat' dir='ltr'><strong>antea</strong></span> <span class='ocrx_word' id='word_1_300' title='bbox 601 3638 653 3706; x_wconf 90' lang='lat' dir='ltr'><strong>lib.</strong></span> <span class='ocrx_word' id='word_1_301' title='bbox 673 3634 699 3694; x_wconf 95' lang='grc'><strong>1.</strong></span> <span class='ocrx_word' id='word_1_302' title='bbox 721 3656 794 3710; x_wconf 70' lang='grc' dir='ltr'><strong><em>σερε</em></strong></span> <span class='ocrx_word' id='word_1_303' title='bbox 809 3641 839 3696; x_wconf 85' lang='grc'><strong>6.</strong></span> <span class='ocrx_word' id='word_1_304' title='bbox 859 3640 888 3710; x_wconf 86' lang='lat'><strong>§.</strong></span> <span class='ocrx_word' id='word_1_305' title='bbox 913 3640 963 3695; x_wconf 89' lang='lat'><strong>18.</strong></span> <span class='ocrx_word' id='word_1_306' title='bbox 1004 3635 1130 3719; x_wconf 84' lang='grc' dir='ltr'><strong><em>Λέγεις</em></strong></span> <span class='ocrx_word' id='word_1_307' title='bbox 1186 3702 1189 3706; x_wconf 55' lang='grc'>,</span> 
     </span>
     <span class='ocr_line' id='line_1_34' title="bbox 89 3710 1129 3806; baseline 0.002 -22"><span class='ocrx_word' id='word_1_308' title='bbox 89 3712 148 3795; x_wconf 86' lang='grc' dir='ltr'><strong>σύ,</strong></span> <span class='ocrx_word' id='word_1_309' title='bbox 177 3713 261 3806; x_wconf 74' lang='grc' dir='ltr'><strong><em>ἔφη,</em></strong></span> <span class='ocrx_word' id='word_1_310' title='bbox 296 3710 322 3783; x_wconf 83' lang='grc' dir='ltr'><strong><em>ὦ</em></strong></span> <span class='ocrx_word' id='word_1_311' title='bbox 350 3716 474 3804; x_wconf 82' lang='grc' dir='ltr'><strong><em>πάτερ,</em></strong></span> <span class='ocrx_word' id='word_1_312' title='bbox 508 3713 553 3796; x_wconf 81' lang='grc' dir='ltr'><strong>ὡς’</strong></span> <span class='ocrx_word' id='word_1_313' title='bbox 582 3714 658 3798; x_wconf 80' lang='grc' dir='ltr'><strong>ἑμόὶ</strong></span> <span class='ocrx_word' id='word_1_314' title='bbox 685 3713 879 3792; x_wconf 62' lang='lat' dir='ltr'><strong>donau-,tta</strong></span> <span class='ocrx_word' id='word_1_315' title='bbox 907 3713 1129 3804; x_wconf 77' lang='grc' dir='ltr'><strong><em>ὥσπεροιίδδ</em></strong></span> 
     </span>
     <span class='ocr_line' id='line_1_35' title="bbox 88 3789 1128 3902; baseline 0 -38"><span class='ocrx_word' id='word_1_316' title='bbox 88 3803 236 3888; x_wconf 84' lang='grc' dir='ltr'><strong><em>γεωργοῦ</em></strong></span> <span class='ocrx_word' id='word_1_317' title='bbox 258 3794 363 3902; x_wconf 75' lang='grc' dir='ltr'><strong><em>ἀργοῦ</em></strong></span> <span class='ocrx_word' id='word_1_318' title='bbox 371 3796 480 3868; x_wconf 78' lang='grc' dir='ltr'><strong><em>ὀὐδὲν</em></strong></span> <span class='ocrx_word' id='word_1_319' title='bbox 501 3789 630 3888; x_wconf 77' lang='grc' dir='ltr'><strong><em>ὄφελος,</em></strong></span> <span class='ocrx_word' id='word_1_320' title='bbox 654 3797 761 3877; x_wconf 70' lang='grc' dir='ltr'><strong><em>οὕτως</em></strong></span> <span class='ocrx_word' id='word_1_321' title='bbox 781 3793 859 3866; x_wconf 77' lang='grc' dir='ltr'><strong><em>οὐδὲ</em></strong></span> <span class='ocrx_word' id='word_1_322' title='bbox 880 3803 1045 3887; x_wconf 81' lang='grc' dir='ltr'><strong><em>σρατηγοῢ</em></strong></span> <span class='ocrx_word' id='word_1_323' title='bbox 1067 3793 1128 3884; x_wconf 81' lang='grc' dir='ltr'><strong>ἆρ-</strong></span> 
     </span>
     <span class='ocr_line' id='line_1_36' title="bbox 110 3877 1190 3972; baseline -0.003 -24"><span class='ocrx_word' id='word_1_324' title='bbox 110 3884 149 3948; x_wconf 85' lang='grc' dir='ltr'><strong>οῦ</strong></span> <span class='ocrx_word' id='word_1_325' title='bbox 175 3877 280 3950; x_wconf 77' lang='grc' dir='ltr'><strong><em>οὐδὲν.</em></strong></span> <span class='ocrx_word' id='word_1_326' title='bbox 299 3884 420 3972; x_wconf 76' lang='grc' dir='ltr'><strong><em>ὄφελος</em></strong></span> <span class='ocrx_word' id='word_1_327' title='bbox 442 3877 538 3952; x_wconf 80' lang='grc' dir='ltr'><strong><em>εἶναι.</em></strong></span> <span class='ocrx_word' id='word_1_328' title='bbox 569 3895 598 3946; x_wconf 90' lang='lat' dir='ltr'><strong>et</strong></span> <span class='ocrx_word' id='word_1_329' title='bbox 618 3903 719 3946; x_wconf 80' lang='lat' dir='ltr'><strong>rursus</strong></span> <span class='ocrx_word' id='word_1_330' title='bbox 739 3887 790 3946; x_wconf 85' lang='lat' dir='ltr'><strong>lib.</strong></span> <span class='ocrx_word' id='word_1_331' title='bbox 810 3881 884 3946; x_wconf 85' lang='lat' dir='ltr'><strong>Vlt.</strong></span> <span class='ocrx_word' id='word_1_332' title='bbox 908 3905 969 3960; x_wconf 89' lang='lat' dir='ltr'><strong>cap.</strong></span> <span class='ocrx_word' id='word_1_333' title='bbox 992 3889 1022 3944; x_wconf 79' lang='lat'><strong>4.</strong></span> <span class='ocrx_word' id='word_1_334' title='bbox 1044 3887 1073 3958; x_wconf 60' lang='grc' dir='ltr'><strong>ς.</strong></span> <span class='ocrx_word' id='word_1_335' title='bbox 1095 3891 1129 3956; x_wconf 75' lang='lat'><strong>7.</strong></span> <span class='ocrx_word' id='word_1_336' title='bbox 1186 3915 1190 3925; x_wconf 92' lang='lat'>·</span> 
     </span>
     <span class='ocr_line' id='line_1_37' title="bbox 90 3961 1127 4056; baseline 0 -26"><span class='ocrx_word' id='word_1_337' title='bbox 90 3967 122 4030; x_wconf 85' lang='lat'><em>0</em></span> <span class='ocrx_word' id='word_1_338' title='bbox 149 3967 186 4034; x_wconf 80' lang='grc' dir='ltr'><strong>δὲ</strong></span> <span class='ocrx_word' id='word_1_339' title='bbox 206 3961 382 4046; x_wconf 82' lang='grc' dir='ltr'><strong><em>Ἀδούσιος</em></strong></span> <span class='ocrx_word' id='word_1_340' title='bbox 408 3962 610 4053; x_wconf 80' lang='grc' dir='ltr'><strong><em>ἀπεκρίνατο</em></strong></span> <span class='ocrx_word' id='word_1_341' title='bbox 640 3964 695 4032; x_wconf 80' lang='grc' dir='ltr'><strong>ὅτι</strong></span> <span class='ocrx_word' id='word_1_342' title='bbox 722 3966 781 4032; x_wconf 75' lang='grc' dir='ltr'><strong>καὶ</strong></span> <span class='ocrx_word' id='word_1_343' title='bbox 798 3969 840 4055; x_wconf 79' lang='grc' dir='ltr'><strong>τῇ</strong></span> <span class='ocrx_word' id='word_1_344' title='bbox 861 3961 1018 4056; x_wconf 72' lang='grc' dir='ltr'><strong><em>παρούσῃ</em></strong></span> <span class='ocrx_word' id='word_1_345' title='bbox 1044 3964 1127 4048; x_wconf 67' lang='lat' dir='ltr'><strong>digero</strong></span> 
     </span>
     <span class='ocr_line' id='line_1_38' title="bbox 38 4045 1126 4139; baseline -0.006 -23"><span class='ocrx_word' id='word_1_346' title='bbox 38 4075 40 4083; x_wconf 73' lang='grc'><strong>“</strong></span> <span class='ocrx_word' id='word_1_347' title='bbox 87 4045 252 4132; x_wconf 71' lang='grc' dir='ltr'><strong><em>ἀλλαχόσε</em></strong></span> <span class='ocrx_word' id='word_1_348' title='bbox 281 4054 431 4136; x_wconf 74' lang='grc' dir='ltr'><strong><em>χρῆσθαι</em></strong></span> <span class='ocrx_word' id='word_1_349' title='bbox 466 4053 616 4139; x_wconf 73' lang='grc' dir='ltr'><strong><em>στρατιᾷ.</em></strong></span> <span class='ocrx_word' id='word_1_350' title='bbox 655 4049 750 4127; x_wconf 86' lang='lat' dir='ltr'><strong>quue</strong></span> <span class='ocrx_word' id='word_1_351' title='bbox 780 4055 823 4115; x_wconf 86' lang='lat' dir='ltr'><strong>ita</strong></span> <span class='ocrx_word' id='word_1_352' title='bbox 852 4053 990 4129; x_wconf 82' lang='lat' dir='ltr'><strong>frequens</strong></span> <span class='ocrx_word' id='word_1_353' title='bbox 1023 4063 1066 4112; x_wconf 87' lang='lat' dir='ltr'><strong>est</strong></span> <span class='ocrx_word' id='word_1_354' title='bbox 1094 4056 1126 4111; x_wconf 92' lang='lat' dir='ltr'><strong>in</strong></span> 
     </span>
     <span class='ocr_line' id='line_1_39' title="bbox 47 4135 1135 4216; baseline 0.001 -20"><span class='ocrx_word' id='word_1_355' title='bbox 47 4173 49 4178; x_wconf 94' lang='lat'>·</span> <span class='ocrx_word' id='word_1_356' title='bbox 87 4139 222 4199; x_wconf 87' lang='lat' dir='ltr'><strong>omnibus</strong></span> <span class='ocrx_word' id='word_1_357' title='bbox 252 4141 367 4216; x_wconf 83' lang='lat' dir='ltr'><strong>scriptis</strong></span> <span class='ocrx_word' id='word_1_358' title='bbox 396 4135 571 4199; x_wconf 82' lang='lat' dir='ltr'><strong>Graecorum</strong></span> <span class='ocrx_word' id='word_1_359' title='bbox 580 4178 596 4216; x_wconf 85' lang='lat'><strong>,.</strong></span> <span class='ocrx_word' id='word_1_360' title='bbox 623 4143 654 4196; x_wconf 91' lang='lat' dir='ltr'><strong>ut</strong></span> <span class='ocrx_word' id='word_1_361' title='bbox 677 4157 713 4198; x_wconf 92' lang='lat' dir='ltr'><strong>ea</strong></span> <span class='ocrx_word' id='word_1_362' title='bbox 733 4139 908 4201; x_wconf 74' lang='lat' dir='ltr'><strong>constructio</strong></span> <span class='ocrx_word' id='word_1_363' title='bbox 930 4155 989 4197; x_wconf 89' lang='lat' dir='ltr'><strong>nnn</strong></span> <span class='ocrx_word' id='word_1_364' title='bbox 1011 4144 1068 4197; x_wconf 86' lang='lat' dir='ltr'><strong>tarn</strong></span> <span class='ocrx_word' id='word_1_365' title='bbox 1090 4137 1135 4197; x_wconf 89' lang='lat' dir='ltr'><strong>ad·</strong></span> 
     </span>
     <span class='ocr_line' id='line_1_40' title="bbox 129 4219 916 4282; baseline 0.004 -4"><span class='ocrx_word' id='word_1_366' title='bbox 129 4219 171 4281; x_wconf 92' lang='grc'><strong>11.</strong></span> <span class='ocrx_word' id='word_1_367' title='bbox 876 4224 916 4282; x_wconf 81' lang='grc'><strong>45</strong></span> 
     </span>
    </p>
   </div>
   <div class='ocr_carea' id='block_1_4' title="bbox 0 0 1422 4598">
    <p class='ocr_par' dir='ltr' id='par_1_4' title="bbox 0 0 1422 4598">
     <span class='ocr_line' id='line_1_41' title="bbox 0 0 1422 4598; baseline 0 0"><span class='ocrx_word' id='word_1_368' title='bbox 0 0 1422 4598; x_wconf 95' lang='lat' dir='ltr'><strong> </strong></span> 
     </span>
    </p>
   </div>
  </div>
 </body>
</html>
