2900 4584
583 257 687 361 diple·
957 230 960 238 ⁴
984 271 988 280 '
1097 261 1159 328 17⁷

120 438 229 498 salsum
248 451 316 498 ‘non
341 443 402 512 eat,
431 435 483 496 sod
511 434 589 496 nihil
613 437 683 496 iacit
712 435 749 495 ad
773 436 974 510 explicandam
1002 441 1064 496 rim
1091 459 1158 514 par·

123 523 229 582 ticulae
251 515 329 606 ἄρα.
372 519 449 581 Nam
468 523 495 579 si
517 517 561 579 ita
580 521 728 595 explicare
741 519 910 595 particulam
922 519 1066 596 volumus,
1088 543 1158 582 sano

122 605 272 666 sescentae
300 611 385 664 erunt
410 605 491 664 vocis
513 603 761 678 significationes,
792 623 882 678 quom
901 611 998 661 tamen
1019 625 1080 664 vox
1099 626 1159 665 una

60 701 63 710 '
121 709 182 746 non
218 687 313 762 possit
348 707 386 745 ne
420 684 490 744 duas
524 686 643 760 quidem
679 685 906 759 significationes
929 683 1056 747 habere.
1113 688 1159 748 Ac

116 773 164 832 'sic
190 773 278 830 etiam
300 770 334 827 in
354 768 485 826 Platonis
507 770 605 827 verbis
625 770 734 828 lib.·da
753 787 784 827 re
804 769 917 844 publica
938 765 982 828 X.
1006 767 1084 830 Part.
1103 769 1159 832 Ill.

90 855 179 930 juol.
200 852 226 912 Ι.
253 874 284 926 p.
311 855 383 910 ⁴67.
411 851 457 910 ed.
487 847 587 909 Bell.
617 873 646 926 p.
674 852 735 908 595
764 860 897 910 extrema
925 851 970 910 ed.
992 851 1034 911 Η.
1057 851 1160 929 Steph.

122 939 196 998 hene
215 934 344 1010 procedit
364 934 416 994 illa
435 934 652 1009 qualiscumque
668 935 874 992 'ratiocinatior
901 929 1057 1018 Μᾲιησιν
1074 931 1162 1013 ὅλως

122 1011 210 1098 dicore
230 1013 270 1081 ἄν
290 1039 350 1097 μοι
372 1008 479 1096 Ιεἰπεῖν
499 1013 520 1080 δ’
542 1012 576 1079 τί
596 1007 674 1080 ποτ’
692 1009 779 1078 ἔστιν
787 1039 798 1094 ,·
822 1007 900 1080 odda*
914 1012 1042 1101 γάρτοι
1059 1010 1162 1096 αὐτὸς

122 1096 210 1165 πάνυ
238 1122 271 1163 τι
300 1096 421 1175 §verosi
447 1093 481 1163 τί
504 1096 660 1179 βούλεται
690 1087 785 1166 εἶναι.
830 1088 878 1158 Ἦ
896 1119 963 1162 που
987 1091 1054 1184 ἄρ’,
1082 1095 1158 1186 ἔφη,

124 1177 188 1265 ἐγὼ
218 1177 399 1266 ξυννοήσως
427 1181 500 1242 'His
529 1185 562 1241 in
590 1184 689 1243 verbis
709 1190 864 1256 postquam
886 1179 1001 1240 dixerat
1025 1181 1158 1245 Socrates

122 1287 154 1326 se
183 1266 269 1342 plana
300 1268 433 1338 nescire,
461 1266 533 1340 quid
561 1268 602 1326 sit
626 1268 770 1337 imitatio,
796 1264 951 1339 respondet
971 1269 1159 1328 mirabundus

122 1351 241 1425 quidem
265 1347 391 1408 Glauco:
420 1352 498 1428 Num
518 1354 605 1426 igitur
625 1370 674 1426 eqo
694 1345 893 1424 interimant,
917 1348 968 1408 sed
990 1351 1107 1410 miratio
1127 1355 1160 1410 io

31 1495 33 1510 Ι
122 1442 182 1494 tota
203 1434 344 1492 sententia
365 1439 423 1506 eat,
448 1435 482 1491 in
501 1434 641 1507 particula
663 1451 733 1492 vero
752 1421 818 1512 ἄρα
839 1429 914 1489 nihil
935 1434 992 1491 nisi
1013 1435 1160 1496 conclusio

123 1519 293 1577 continetur.
324 1513 374 1574 Sic
388 1517 671 1593 enimtratiocinatur
682 1513 803 1574 Glaucus
816 1511 861 1572 Tu
876 1535 916 1573 ex
929 1536 984 1590 me,
1002 1518 1079 1592 quod
1093 1509 1159 1594 ipsa

123 1621 184 1659 nou
201 1598 365 1674 intellegas,
381 1601 426 1658 via
443 1601 533 1682 scires
555 1604 675 1674 ipttcrnc
689 1607 774 1674 putas
787 1617 831 1656 me
846 1599 897 1657 hoc
910 1599 1088 1676 intellegere?
1106 1603 1159 1663 sed

122 1685 179 1742 ista
200 1690 295 1741 tamen
316 1683 497 1740 ratiocinatio
517 1682 616 1756 paullo
636 1681 730 1739 levius
751 1687 797 1754 et,
817 1690 849 1738 ut
868 1682 910 1738 ita
931 1681 1038 1758 heom,
1058 1686 1158 1746 mode·

122 1769 194 1828 atius
215 1764 359 1824 indicatur
380 1765 522 1837 particula
540 1762 615 1845 ἄρα,
634 1783 708 1836 quae
730 1765 815 1821 tertio
835 1763 951 1821 demum
963 1763 1027 1824 loco
1042 1767 1158 1842 legitur.

121 1847 211 1908 Hanc
231 1856 328 1908 autem
347 1847 441 1906 fuisse
462 1844 619 1906 Glauconia
639 1853 776 1918 mentem,
794 1845 923 1918 explicat
937 1848 1004 1919 ipse
1018 1845 1160 1925 Socrates,

124 1932 195 2010 dum
219 1929 337 1997 reddite
369 1918 471 1991 Οὐδέν
491 1949 587 2009 ra-
612 1915 753 1997 dirorrov,
782 1920 858 1988 ἐπεὶ
878 1921 989 1989 πολλά
1010 1949 1061 1993 cor
1083 1922 1161 2006 ὀξύ-

121 2035 220 2097 τερον
248 2003 437 2092 βλεπόντων
468 2001 672 2091 ἀμβλύτερον
686 2001 843 2094 Ιὁρῶντες
871 2004 1032 2096 πρότεροι
1060 2005 1159 2077 εἶδον.

55 2147 58 2151 .
121 2095 294 2170 Eademque
323 2095 398 2157 ratio
429 2099 474 2154 est
500 2095 558 2154 loci
581 2091 736 2167 Euripidei
763 2091 800 2151 de
824 2093 984 2172 Iplaipeata,
1020 2117 1092 2173 eptae
1119 2108 1161 2158 ert

124 2183 238 2252 mlum,
263 2200 292 2241 V·
315 2181 377 2260 '492
398 2197 444 2252 sq·
1256 2183 1260 2200 Ι

285 2289 406 2387 Πὸτὲρος
422 2309 468 2388 ἄρ’
487 2312 569 2387 ὑμῶν
585 2310 680 2369 ἐνθάδ’
700 2291 912 2388 ὠνομοισμείνοςΙ

284 2381 414 2454 Πυλάδης
428 2385 569 2453 adunam,-
586 2379 647 2440 τόδε
662 2389 769 2454 μαθεῖν
784 2389 895 2459 πρῶτον
910 2387 992 2442 θέλω.

120 2519 166 2580 lbi
188 2523 267 2581 enim
289 2511 378 2597 quom
396 2520 552 2598 Iphigenia
573 2523 699 2596 primum
721 2522 898 2596 appellasset
922 2523 1057 2585 Orestem
1079 2532 1157 2590 eiua-

122 2626 181 2688 que¹
203 2601 339 2681 comites,
369 2613 402 2663 nt
430 2609 486 2664 sibi
509 2604 545 2663 de
566 2604 739 2690 ¹quibusdam
763 2608 847 2664 rebus
870 2607 1098 2685 responderent,
1126 2613 1159 2670 id

122 2692 220 2747 a‘utem
239 2711 306 2748 non.
320 2691 386 2750 sine
410 2709 511 2748 eorum
532 2687 730 2761 deploratione
748 2687 882 2760 fecisset,
910 2690 952 2746 ita
973 2693 1159 2765 responderat

122 2769 263 2844 Orestes,
290 2778 324 2829 ut
349 2773 589 2847 lamentationem
604 2769 829 2844 deprecaretur.
870 2769 928 2832 His
956 2775 1042 2834 rebus
1068 2779 1160 2855 igitur

121 2856 276 2914 transactis
296 2855 463 2912 rectissume
485 2854 554 2911 dicit
573 2849 742 2927 iphigenia:

132 2957 149 3042 ἢ,
255 2965 257 2970 ⁸
331 2963 452 3050 Πότερος
468 2975 513 3053 ἄρ’
534 2979 615 3052 ὑμῶν
631 2976 727 3037 ἐνθάδ’
746 2949 945 3052 ὠνομασμένος

329 3045 458 3118 Πυλάδης
473 3054 613 3121 attuleram

119 3170 166 3232 lta
195 3172 273 3230 enini
303 3163 370 3256 ἄρα
393 3169 448 3231 hoe
478 3194 595 3250 qnoque
617 3175 682 3234 loco
705 3194 758 3234 nos
781 3181 896 3234 revocat
916 3175 953 3234 ad
973 3186 1156 3250 praesentem

119 3275 218 3314 rerum
243 3261 365 3330 statum,
394 3258 440 3315 oui
467 3259 517 3334 id,
549 3259 627 3334 quod
652 3279 728 3324 nnnc
757 3257 826 3333 fiat,
852 3269 1078 3336 consentaneum
1108 3265 1155 3320 sit.

119 3337 199 3399 Nam
214 3341 331 3397 omissa
358 3339 554 3414 deploratione
575 3341 732 3416 Iphigenia
759 3344 818 3398 iam
845 3341 881 3398 ad
906 3342 973 3399 illas
994 3363 1059 3417 res,
1085 3363 1156 3416 quas

120 3432 206 3481 antea
232 3421 465 3496 significaverat,
492 3425 685 3496 explorandas
713 3424 830 3481 accedit.
872 3421 1043 3496 Eodemque
1070 3426 1156 3484 modo

20 3563 21 3566 ,
120 3508 207 3564 etiam
227 3506 269 3563 ibi
294 3495 359 3577 ἄρα
380 3503 473 3560 locum
492 3503 579 3563 habet
599 3509 630 3563 in
647 3507 888 3582 interrogatione,
907 3505 958 3560 ubi
974 3506 1070 3563 verbis
1089 3510 1157 3579 qui·
1219 3495 1259 3523 ”

119 3587 188 3647 dem
212 3583 444 3646 antecedentibus
467 3585 542 3642 nihil
566 3587 727 3644 eiusmodi
750 3585 924 3642 declaratum
943 3594 997 3663 est,
1020 3587 1057 3646 ad
1079 3590 1157 3662 quod

120 3665 436 3744 respiciatparticnla,
466 3665 517 3723 sed
537 3667 589 3724 ille
611 3677 723 3742 tamen,
752 3671 802 3741 qui
826 3671 955 3743 quaerit,
984 3675 1082 3729 animo
1104 3691 1157 3729 suo

120 3757 185 3820 eius
200 3752 278 3812 modi
296 3750 408 3826 aliquid
423 3750 539 3820 solust-¹
560 3746 611 3808 Sic
627 3753 661 3808 in
673 3749 830 3827 'Sophoclis
847 3746 945 3810 Aiace
955 3772 983 3812 v.
997 3753 1077 3810 1185
1089 3771 1156 3826 sqq.

119 3839 230 3912 incipit
241 3836 361 3896 'armen
371 3832 542 3894 -choricuma

387 3969 435 4024 Τίς
452 3957 507 4035 ἄρα
524 3963 618 4022 usuros
636 3961 663 4022 ἐς
681 3958 745 4015 πότε
764 3949 812 4023 λή-

331 4025 334 4030 *
385 4036 425 4094 ξει
439 4026 660 4102 ’πολυπλάγκτων
676 4031 758 4089 datum
775 4022 901 4102 ἀριθμός,

381 4098 435 4156 ’τάν
451 4093 593 4159 ἄπαυστον
610 4100 670 4156 αἰὲν
689 4101 751 4172 ἐμοὶ

166 4167 209 4230 11.
257 4125 259 4128 ’
487 4227 490 4239 κ
910 4176 948 4227 12
